3009 4859
1522 290 1967 345 -42-

562 473 954 545 depravatum
1001 484 1128 527 esse
1173 472 1362 541 putat,
1409 467 1565 525 hunc
1618 464 1745 525 fere
1798 466 1862 523 in
1914 464 2145 523 modum
2198 464 2543 522 medicinam
2596 464 2879 522 faciendam

561 579 690 621 esse
727 566 952 619 censet:
990 551 1111 635 ἐγώ
1149 552 1380 635 δ’ἅπερ
1426 553 1703 633 ἔπεμψέ
1746 574 1861 631 μοι
1906 551 2099 633 χωρὶς
2144 556 2259 637 τῆς
2302 556 2587 633 προικός,
2626 549 2751 633 [δ’σἸ
2784 552 2880 628 ἔχω

563 654 788 730 μόνον,
845 640 938 727 (ἃ)
985 646 1151 725 πρὸς
1196 642 1278 706 τὰ
1325 646 1536 724 τούτῳ
1584 632 1846 704 δοθέντ’
1891 639 2091 719 nist)
2202 641 2406 715 Neque
2467 647 2663 701 tamen
2702 644 2887 701 habere

561 740 848 813 videmur,
893 752 998 794 cur
1042 736 1228 795 verba
1273 734 1498 791 tradita
1542 738 1845 791 mutemus.
1920 730 2235 790 Contendit
2280 731 2431 789 enim
2477 738 2643 791 actor
2676 748 2735 789 se
2767 732 2887 789 dona

563 834 796 887 tantum
833 825 1144 899 accepisse,
1194 839 1340 895 quae
1387 822 1540 879 dona
1586 838 1715 880 esse
1762 820 2033 893 aequalia
2077 821 2241 878 donis
2288 819 2563 893 Spudiae,
2608 838 2720 879 non
2758 822 2891 879 illius

567 919 734 977 donis
781 922 842 975 et
887 913 1096 973 mundo
1141 912 1430 983 muliebri,
1477 910 1541 969 id
1587 910 1737 982 quod
1772 912 1877 968 ilie
1913 910 2226 968 adfirmare
2262 909 2481 971 studet.
2544 909 2744 983 Neque
2776 926 2890 967 ana-

567 1007 876 1077 coluthum,
926 1003 1078 1075 quod
1121 1006 1352 1073 vocant,
1396 1000 1771 1058 intolerabile
1817 998 2073 1061 videtur.

747 1108 975 1167 Deinde
1037 1108 1278 1166 uberius
1341 1106 1689 1180 explicanda
1752 1111 1891 1164 sunt
1950 1108 2137 1164 verba
2197 1103 2391 1187 χωρὶς
2461 1113 2596 1167 τῶν
2658 1101 2747 1173 εἰς
2806 1100 2901 1170 τὰς

567 1196 778 1277 χιλίας
835 1193 1411 1277 ἀποτιμηθέντων.
1510 1196 1732 1265 Quibus
1797 1195 1937 1268 quid
1988 1196 2051 1253 in
2107 1196 2443 1254 universum
2500 1195 2804 1272 indicetur,
2842 1208 2899 1250 ex

569 1288 800 1347 ratione
855 1287 1008 1345 inita
1070 1286 1308 1359 planum
1371 1285 1464 1343 fit:
1531 1284 1684 1343 dona
1747 1300 1895 1357 quae
1957 1290 2205 1356 uterque
2266 1300 2451 1356 gener
2512 1300 2549 1341 a
2612 1284 2905 1359 Polyeucto

571 1378 815 1451 accepit,
869 1376 1143 1449 aequalia
1196 1379 1334 1433 sunt
1386 1374 1596 1432 omisso
1659 1374 1761 1431 illo
1824 1374 2035 1431 mundo
2098 1373 2387 1445 muliebri,
2448 1389 2619 1447 quem
2683 1372 2904 1447 Spudiae

573 1484 720 1525 uxor
765 1482 959 1523 secum
1007 1464 1164 1525 tulit.
1255 1462 1460 1535 Neque
1505 1463 1743 1521 dubium
1792 1469 1899 1531 est,
1946 1464 2085 1534 quin
2130 1468 2291 1521 recte
2336 1463 2454 1520 iam
2492 1462 2772 1522 Schaefer
2804 1464 2838 1521 1.
2868 1477 2903 1517 s.

569 1554 709 1630 VII,
755 1572 809 1629 p.
860 1556 942 1613 62
992 1558 1198 1611 contra
1244 1552 1546 1610 Reiskium
1610 1553 1902 1609 monuerit
1966 1552 2038 1609 de
2101 1552 2221 1609 solo
2283 1551 2496 1609 mundo
2561 1550 2905 1624 cogitandum

574 1661 718 1716 esse,
765 1660 880 1700 non
925 1643 998 1701 de
1043 1641 1253 1701 mundo
1299 1646 1360 1699 et
1405 1640 1477 1699 de
1525 1640 1691 1699 domo
1728 1644 2119 1715 oppignerata
2148 1672 2229 1682 —
2263 1657 2409 1713 quae
2456 1641 2659 1699 domus
2704 1644 2765 1699 in
2806 1643 2908 1695 tota

576 1734 806 1793 ratione
843 1733 906 1791 in
945 1748 1178 1789 censum
1218 1731 1446 1789 omnino
1482 1746 1597 1787 non
1638 1732 1816 1789 venit.
1900 1730 2011 1800 Qui
2048 1730 2298 1788 mundus
2333 1730 2708 1802 significatur
2742 1728 2913 1789 verbis

575 1820 658 1884 τὰ
704 1817 798 1889 εἷς
844 1818 958 1889 τὰς
1001 1816 1213 1897 χιλίας
1251 1815 1783 1899 ἀποτιμηθέντα.
1854 1819 1990 1877 Alio
2028 1824 2225 1877 autem
2258 1820 2383 1877 loco
2422 1816 2719 1896 (Dittenb.
2754 1812 2913 1891 Syll.ik
2984 1816 2986 1823 '

577 1930 634 1974 n.
683 1908 837 1987 827)
883 1911 1157 1982 legimus:
1226 1903 1428 1968 οἰκίαι
1495 1903 2068 1989 ἀποτετιμημέναι
2132 1902 2226 1975 εἷς
2288 1901 2411 1989 τὴν
2470 1914 2739 1988 προῖκα,
2798 1909 2833 1965 i.
2873 1922 2915 1967 θ.

577 2001 797 2071 domus,
846 2015 995 2069 quae
1040 1999 1102 2055 in
1149 1998 1302 2054 dotis
1347 1998 1731 2055 securitatem
1775 1998 2010 2070 pignori
2055 1998 2232 2056 datae
2268 2002 2421 2069 sunt,
2458 1998 2564 2055 sed
2600 1998 2749 2057 haee
2782 1995 2921 2055 vocis
2990 2050 2992 2053 Α

578 2085 916 2165 ἀποτιμᾶν
962 2087 1139 2157 notio,
1186 2086 1326 2159 quin
1371 2086 1448 2144 ad
1511 2087 1666 2144 hunc
1720 2087 1903 2145 locum
1970 2102 2083 2144 non
2148 2086 2413 2159 quadret,
2458 2104 2627 2147 nemo
2692 2092 2785 2145 est
2838 2082 2918 2157 qui

579 2179 826 2236 dubitet.
927 2176 1148 2235 Nostra
1193 2176 1490 2233 sententia
1536 2171 1879 2253 ἀποτιμᾶν
1941 2176 2039 2234 hic
2101 2176 2297 2234 eodem
2361 2192 2535 2233 sensu
2597 2180 2921 2250 usurpatum

577 2272 686 2341 est,
735 2283 846 2339 quo
891 2282 1065 2338 saepe
1112 2264 1426 2323 adhibetur
1462 2264 1710 2338 simplex
1748 2264 1967 2343 τιμᾶν,
2006 2266 2203 2323 rarius
2240 2260 2604 2341 ἀποτιμᾶν;
2644 2265 2720 2324 cf.
2762 2265 2925 2323 Hero·

579 2356 682 2413 dot
727 2355 799 2429 V,
850 2358 928 2413 77
997 2350 1235 2414 ἔλυσάν
1290 2368 1491 2432 σφεας
1555 2352 1829 2431 δίμνεως
1868 2348 2466 2435 ἀποτιμησάμενοι;
2491 2353 2680 2439 ο1)<>,ιιι.
2726 2348 2929 2412 XVIII
2998 2368 3000 2371 ⁴

583 2436 762 2524 [106]
833 2437 948 2503 ἐὰν
1011 2439 1079 2503 δὲ
1143 2438 1472 2502 πλειόνων
1530 2438 1568 2526 ἡ
1627 2441 1819 2503 οὐσία
1876 2438 2421 2526 ἀποτετιμημένη
2478 2440 2517 2525 ᾗ
2574 2445 2930 2525 χρημάτων.

584 2532 748 2604 Quod
793 2531 900 2589 hoc
963 2532 1087 2589 loco
1133 2549 1246 2592 vox
1302 2532 1613 2590 coniuncta
1664 2538 1757 2589 est
1810 2547 1937 2590 cum
1991 2533 2425 2605 praepositione
2479 2527 2591 2604 εἷς,
2646 2550 2767 2591 non
2819 2546 2930 2589 cum

584 2622 850 2694 genitivo
915 2621 1123 2693 pretii,
1187 2621 1449 2678 arbitror
1511 2620 1820 2680 offensioni
1882 2637 1995 2679 non
2062 2638 2206 2694 esse,
2272 2637 2620 2694 quamquam
2686 2620 2937 2693 exempla

585 2711 796 2783 quibus
841 2708 994 2766 hunc
1030 2725 1198 2766 usum
1241 2710 1475 2782 probem
1524 2708 1761 2767 adferre
1804 2726 1919 2767 non
1962 2726 2212 2783 possum.

766 2815 963 2889 Atque
1007 2815 1244 2889 Lipsius
1289 2814 1602 2874 adnotavit
1646 2817 1722 2874 ad
1766 2817 1921 2874 hunc
1971 2818 2159 2876 locum
2204 2812 2373 2878 ΑΡ)
2418 2820 2545 2876 516
2604 2817 2741 2875 adn.
2793 2815 2939 2875 103:

595 2902 714 2979 „w'c
761 2900 854 2973 εἷς
899 2902 1012 2972 τὰς
1055 2902 1266 2981 χιλίας
1311 2901 1601 2986 δραχμὰς
1641 2900 2151 2986 ἄποτιμηθέντα
2200 2923 2313 2964 von
2369 2906 2497 2964 dem
2551 2905 2614 2963 in
2673 2906 2775 2983 die⁴
2816 2904 2941 2962 Mit-

528 3024 531 3027 ·
589 2994 709 3067 gift
755 2994 1245 3065 eingerechneten
1292 2996 1374 3053 ist
1417 2995 1769 3052 iiberliefert
1822 2994 1987 3052 Dem.
2027 3012 2084 3066 g.
2126 2994 2299 3067 Spud.
2342 2992 2485 3056 27“.
2544 2994 2713 3065 Quod
2748 3008 2947 3054 verum

590 3087 698 3155 est,
762 3100 898 3141 nam
972 3085 1154 3141 verba
1218 3084 1520 3155 pertinent
1600 3084 1679 3141 ad
1758 3083 2056 3157 mundum,
2137 3084 2235 3155 qui
2306 3083 2555 3141 mundus
2638 3083 2944 3143 secundum

589 3172 808 3230 actoris
853 3172 1138 3230 rationem
1187 3172 1416 3244 quidem
1465 3172 1587 3229 doti
1634 3170 1890 3244 Spudiae
1938 3189 2212 3230 accensus
2277 3178 2385 3244 est,
2440 3172 2543 3230 sed
2597 3173 2761 3232 hisce
2814 3172 2955 3245 ipsis

590 3261 790 3319 verbis
834 3261 985 3318 nihil
1029 3260 1327 3319 indicatur
1371 3261 1485 3318 nisi
1540 3262 1814 3318 mundum
1869 3262 2210 3319 muliebrem
2278 3261 2475 3318 decem
2537 3262 2715 3319 minis
2779 3260 2957 3319 aesti-

592 3355 812 3408 matum
859 3366 1003 3407 esse.
1018 3345 1068 3429 2)
1161 3349 1287 3419 Qua
1323 3348 1394 3430 xin
1437 3366 1504 3407 re
1550 3351 1863 3423 praecipue
1908 3350 2270 3422 obloquimur
2314 3350 2589 3407 Darestio
2637 3351 2715 3423 pl.
2756 3352 2877 3410 civ.
2910 3348 2960 3419 I,

599 3440 746 3511 163,
795 3438 895 3508 qui
938 3438 1030 3494 ita
1081 3439 1270 3496 vertit
1331 3439 1512 3496 verba
1588 3439 1936 3511 „deduction
1998 3440 2144 3497 faite
2208 3438 2280 3497 de
2344 3456 2489 3497 ceux
2551 3440 2651 3512 qui
2717 3441 2960 3498 avaient

597 3528 692 3585 ete
740 3525 988 3599 compris
1034 3542 1183 3599 pour
1226 3528 1386 3584 mille
1435 3526 1740 3585 drachmes
1788 3528 1933 3585 dans
1978 3529 2038 3586 la
2091 3529 2476 3587 constitution
2531 3528 2600 3586 de
2657 3529 2759 3586 dot
2814 3528 2968 3585 faite

596 3618 634 3673 a
677 3615 1087 3677 Leocrate.“
1187 3615 1337 3673 Nam
1381 3616 1767 3674 Leocratis
1814 3618 1936 3675 doti
1981 3624 2183 3675 nostra
2229 3619 2525 3677 sententia
2580 3614 2663 3679 τὰ
2728 3614 2963 3696 ἱμάτια

596 3702 707 3765 καὶ
769 3706 1000 3785 χρυσία
1065 3722 1361 3777 nunquam
1426 3706 1814 3764 adnumerata
1876 3713 2031 3767 sunt.
2122 3706 2285 3776 Quod
2348 3714 2417 3764 ut
2481 3707 2970 3781 demonstremus,

782 3927 822 3995 1)
859 3927 1021 3981 huius
1076 3928 1402 3983 mutationis
1454 3929 1769 3998 propositae
1822 3930 1929 3983 iam
1984 3930 2045 3983 in
2100 3936 2205 3987 att.
2261 3931 2482 3987 Bereds.
2526 3930 2634 3998 ΠΙ,
2672 3933 2740 3985 11
2774 3929 2977 3998 (1887)

599 3996 968 4122 gonaefsscffiin·
1007 3999 1042 4051 5
1098 3999 1257 4054 Blass
1321 4000 1437 4067 ipse
1499 4001 1560 4055 in
1625 4001 1866 4055 editione
1931 4002 2316 4058 Demosthenis
2381 4002 2565 4073 (1889)
2630 4002 2973 4057 mentionem

783 4139 824 4208 ²)
860 4140 1035 4195 locum
1074 4146 1374 4195 tractatum
1411 4141 1634 4210 laudat,
1690 4161 1797 4199 non
1835 4144 2077 4212 explicat
2111 4145 2277 4200 Lutz:
2334 4143 2438 4200 Die
2474 4145 2697 4215 Prapos
2733 4144 2821 4199 bei
2864 4144 2983 4198 den

601 4214 706 4263 att.
745 4210 1016 4268 Rednern.
1091 4212 1285 4280 Progr.
1324 4213 1602 4267 Neustadt
1639 4230 1688 4271 a.
1710 4216 1761 4269 d.
1784 4216 1853 4272 H.
1893 4217 2034 4271 1887
2071 4234 2125 4284 p.
2164 4217 2253 4272 21.
