3009 4859
1031 315 1472 371 ..29-

93 492 176 549 1118
218 493 494 549 vocentur
538 489 595 546 ei
636 489 700 548 in
745 505 988 561 quorum
1033 491 1448 562 possessionem
1496 496 1602 547 aut
1638 490 1953 547 dominium
1987 490 2200 563 pignus
2236 490 2430 561 venit3

91 584 253 651 atque
293 578 428 636 inde
471 584 616 636 nata
661 582 753 635 est
795 578 904 636 illa
947 579 1245 636 sententia
1287 594 1467 652 supra
1513 583 1980 637 commemorata:
2048 580 2149 650 agi
2201 579 2264 636 111
2318 578 2432 637 1188

95 670 213 740 lege
256 667 326 725 de
372 667 732 742 pignoribuS,
779 683 925 739 quae
970 683 1074 725 nos
1122 684 1394 726 vocamus
1447 665 1842 741 „verfanen“.
1936 667 2050 727 Sed
2096 668 2145 725 si
2190 683 2287 725 res
2340 668 2431 725 ita

89 762 231 815 esset
290 755 706 829 intellegenda,
765 757 864 814 lex
927 773 964 814 a
1026 756 1418 815 Demosthene
1481 757 1727 815 laudata
1788 774 1904 814 non
1968 756 2289 829 quadraret
2353 757 2437 814 ad-

91 862 215 916 rem,
259 846 421 903 cuius
467 860 646 903 881188
689 846 985 917 laudatur,
1021 862 1157 903 nam
1203 851 1366 904 actor
1411 846 1603 905 adhuc
1655 862 1840 918 neque
1893 846 1957 903 in
2010 846 2431 917 lassessionem

91 936 272 991 domus
315 934 740 1007 oppigneratae
785 934 953 994 venit
995 950 1183 1006 neque
1227 935 1289 993 in
1335 936 1752 1008 possessionem
1797 935 2002 994 venire
2046 935 2263 994 studet.
2356 934 2431 997 cf.

89 1041 137 1095 p.
174 1026 268 1095 26,
317 1022 493 1081 aliter
538 1022 748 1095 Hitzig
792 1040 849 1096 p.
892 1026 1013 1083 137
1066 1024 1198 1084 adn.
1237 1027 1297 1085 4.

247 1110 432 1171 Nobis
477 1113 662 1170 verba
713 1113 804 1169 ita
857 1112 1306 1185 interpretanda
1359 1129 1489 1171 esse
1545 1112 1840 1183 videntur,
1896 1118 1964 1170 ut
2018 1112 2433 1170 subaudiamus

89 1199 239 1278 πρὸς
281 1200 434 1269 τοὺς
480 1194 747 1275 ἔχοντας
785 1198 885 1277 (τὸ
924 1195 1342 1284 ἀποτίμημα)
1383 1208 1560 1274 atque
1596 1208 1918 1261 vertamus:
1959 1218 2149 1273 gegen
2187 1202 2298 1277 die,
2338 1200 2433 1259 die

87 1289 181 1347 das
215 1289 410 1348 Pfand
445 1290 688 1348 bestellt
718 1290 986 1348 erhalten
1031 1291 1239 1363 haben,
1279 1306 1420 1351 non:
1455 1307 1649 1362 gegen
1686 1290 1797 1361 die,
1836 1290 1931 1348 die
1970 1290 2073 1348 das
2112 1289 2309 1349 Pfand
2344 1322 2434 1333 ——-

89 1378 224 1437 nach
267 1378 502 1438 Verfall
549 1409 636 1421 —
680 1380 760 1436 im
805 1379 1010 1437 Besitz
1057 1378 1188 1454 (aut
1231 1397 1308 1437 zu
1351 1374 1696 1460 Eigentum)
1741 1380 1951 1438 haben.

246 1466 452 1540 Neque
511 1472 750 1526 nostrae
803 1469 955 1541 legis
1008 1468 1486 1541 interpretationi
1542 1468 1791 1541 obloqui,
1848 1469 2003 1541 quod
2065 1473 2231 1526 actor
2286 1466 2437 1541 Spu-

87 1556 230 1614 diam
272 1574 391 1614 non
445 1557 632 1615 80111111
682 1557 815 1629 lege
872 1557 976 1616 sed
1030 1559 1211 1615 etiam
1265 1558 1402 1615 aliis
1465 1558 1830 1629 arg-umentis
1893 1557 2157 1617 refutare
2220 1557 2435 1629 studet,

85 1662 202 1704 mox
244 1646 600 1722 videbimus3
645 1646 752 1705 sed
795 1650 1105 1719 antequam
1151 1647 1304 1706 118118
1347 1663 1470 1705 rem
1514 1648 1578 1704 in
1626 1647 2089 1718 disquisitionem
2144 1663 2435 1718 vocamus,

89 1734 182 1792 1108
223 1735 624 1813 absolvamus:
671 1752 778 1809 pro
825 1752 966 1795 vero
1011 1736 1288 1793 habemus
1337 1753 1467 1794 eum
1514 1737 1614 1808 qui
1660 1738 1981 1794 orationem
2037 1736 2217 1793 habet
2269 1737 2437 1793 litem

87 1823 394 1883 intendisse
440 1822 696 1896 Spudiae
739 1818 918 1903 (unde
963 1825 1018 1882 ei
1056 1826 1316 1883 dedimus
1352 1841 1560 1883 nomen
1597 1818 1867 1903 actoris):
1914 1829 2080 1882 actor
2117 1825 2437 1894 accusavit,

92 1911 318 1983 Spudias
356 1918 668 1972 accusatus
715 1919 820 1971 est.
888 1912 1003 1973 Sed
1039 1930 1167 1973 cum
1211 1914 1343 1985 lege
1389 1914 1513 1986 1118,
1562 1916 1614 1971 81
1659 1918 1819 1971 recte
1863 1914 2269 1983 iudicavimus,
2308 1929 2439 1971 con-

87 2002 374 2077 stituatur,
411 2020 487 2059 ne
531 2004 602 2074 is,
649 2004 750 2075 qui
792 2004 1007 2076 pignus
1054 2003 1231 2076 dedit,
1273 2020 1418 2076 eum,
1459 2005 1561 2075 qui
1597 2004 1809 2076 pignus
1848 2004 2090 2076 accepit,
2130 2003 2202 2061 (18
2239 2002 2436 2059 debito

89 2089 144 2145 in
199 2092 287 2149 ius
352 2096 540 2164 vocet,
607 2092 886 2163 quomodo
949 2108 1054 2149 suo
1115 2094 1245 2150 iure
1307 2096 1472 2150 actor
1536 2092 1839 2151 contendit
1901 2091 2179 2165 Spudiam
2243 2092 2436 2161 legem

89 2177 328 2253 laesisse,
380 2197 728 2253 quamquam
773 2197 886 2238 non
943 2178 1193 2252 Spudias
1248 2186 1523 2253 actorem,
1580 2180 1687 2239 sed
1737 2184 1902 2239 actor
1947 2178 2224 2254 Spudiam
2272 2195 2437 2236 accu-

86 2266 273 2325 savit?
362 2270 586 2340 Quibus
633 2271 807 2327 rebus
851 2271 1072 2343 primus
1111 2273 1285 2341 atque
1329 2270 1393 2327 id
1438 2271 1629 2342 magis
1675 2286 1847 2341 quam
1892 2285 2035 2341 opus
2082 2272 2175 2327 est
2219 2268 2436 2329 Szanto

85 2355 326 2415 offensus
390 2375 518 2416 esse
583 2359 819 2416 videtur
883 2356 1180 2435 (arch.·ep.
1225 2358 1304 2419 Μ.
1353 2375 1407 2431 p.
1459 2356 1632 2435 110).
1742 2357 1947 2430 Neque
2012 2360 2167 2417 enim
2228 2357 2431 2435 refert,

91 2448 212 2501 uter
262 2447 439 2505 alteri
493 2448 712 2521 primus
776 2448 928 2505 diem
991 2448 1230 2509 dixerit:
1297 2446 1563 2521 SpudiaS,
1626 2464 1755 2505 cum
1818 2453 2075 2505 actorem
2135 2446 2437 2519 impediat,

91 2548 152 2589 ne
195 2537 490 2595 mercedes
533 2543 709 2609 cogat
753 2542 814 2594 et
859 2536 936 2594 ad
978 2536 1200 2595 iudices
1238 2542 1495 2609 vocatus,
1536 2536 1687 2609 quod
1722 2536 1880 2611 fecit,
1919 2535 2215 2609 defendat,
2255 2552 2438 2608 aeque

89 2629 276 2681 contra
320 2625 514 2697 legem
561 2626 706 2698 agit,
754 2642 822 2684 ac
859 2627 911 2683 si
956 2624 1298 2684 adversario
1341 2626 1508 2683 litem
1552 2624 1924 2698 instituisset,
1993 2630 2060 2683 ut
2115 2624 2185 2682 de
2240 2624 2436 2682 debito

90 2718 350 2775 certaret.
416 2714 500 2773 Ut
544 2714 680 2772 aliis
727 2715 922 2774 verbis
959 2720 1217 2773 utamur:
1257 2716 1448 2789 legem
1485 2714 1690 2786 laedit,
1731 2716 1846 2788 qui,
1884 2720 2188 2787 postquam
2223 2715 2439 2787 pignus

93 2799 273 2859 datum
321 2808 431 2873 est,
492 2803 749 2861 debitum
803 2808 1006 2861 extare
1059 2808 1257 2876 negat,
1315 2805 1442 2863 sive
1496 2805 1625 2877 ipse
1678 2804 1844 2862 litem
1896 2805 2155 2862 intendit
2210 2804 2281 2875 ei,
2338 2802 2441 2875 qui

91 2890 288 2961 pignus
337 2893 582 2965 accepit,
629 2894 755 2951 sive
801 2894 876 2950 ab
920 2892 1023 2950 illo
1071 2892 1148 2951 ad
1199 2891 1422 2950 iudices
1476 2897 1721 2951 vocatus
1773 2894 1863 2949 ita
1917 2909 1981 2949 se
2037 2891 2313 2962 defendit,
2372 2896 2440 2947 ut

89 2977 336 3039 debitum
383 2986 588 3040 extare
644 2986 838 3053 neget.
930 2982 1092 3052 Quae
1146 2982 1199 3039 si
1249 2987 1410 3039 recte
1475 2981 1915 3053 explicavimus,
1978 2997 2094 3039 non
2156 2980 2439 3037 habemus

89 3082 183 3124 cur
232 3086 364 3127 cum
420 3070 551 3129 viro
615 3070 783 3129 docto
847 3068 1064 3129 Szanto
1121 3070 1567 3129 Demosthenem
1632 3070 2003 3141 obiurgemus
2067 3068 2138 3126 de
2200 3068 2439 3126 astutiis

85 3156 377 3221 adhibitis.

251 3248 384 3306 Iam
444 3264 586 3306 vero
642 3248 1035 3321 quaerendum
1090 3253 1207 3323 est,
1261 3264 1399 3305 num
1453 3248 1582 3305 iure
1637 3264 1706 3304 88
1759 3248 1968 3306 merito
2022 3248 2310 3304 mirentur
2365 3246 2439 3315 ei,

85 3336 176 3403 qui
220 3354 257 3394 a
303 3339 477 3395 nobis
523 3337 876 3395 dissentiunt
929 3338 1000 3394 de
1064 3339 1196 3409 lege
1257 3337 1726 3409 interpretanda,
1788 3335 1939 3409 quod
2004 3341 2166 3393 actor
2228 3350 2440 3407 magno

86 3437 248 3495 opere
295 3426 362 3484 id
407 3428 554 3498 agit,
602 3431 670 3484 ut
714 3426 1071 3485 demonstret
1113 3425 1496 3498 Polyeuctum
1544 3442 1774 3497 semper
1818 3424 2141 3483 confessum
2186 3440 2313 3482 esse
2380 3440 2442 3481 se

83 3509 270 3572 decem
319 3516 512 3573 minas
557 3514 786 3588 debere,
833 3533 960 3574 cum
1007 3517 1154 3573 satis
1208 3516 1428 3573 habere
1480 3521 1679 3587 posset
1731 3513 2044 3572 secundum
2098 3515 2287 3584 legem
2342 3512 2442 3570 ad·

85 3600 257 3660 latam
316 3605 668 3662 contendere
723 3604 796 3662 de
852 3606 1045 3662 debito
1109 3606 1273 3662 litem
1335 3602 1567 3662 intendi
1626 3619 1741 3660 non
1802 3619 1988 3675 posse,
2052 3604 2105 3660 si
2166 3618 2233 3659 re
2296 3618 2444 3658 vera

83 3688 206 3761 lege
263 3696 745 3766 constitueretur,
801 3693 952 3766 quod
1006 3709 1110 3751 nos
1174 3692 1602 3753 contendimus:
1666 3690 1739 3749 cf.
1786 3691 2087 3749 Beauchet
2138 3690 2237 3748 III
2294 3692 2440 3749 282.

83 3778 240 3847 Quod
289 3799 369 3841 ne
413 3784 544 3841 iure
597 3784 870 3841 mirabile
916 3782 1207 3855 videatur,
1264 3780 1732 3855 perpendendum
1788 3785 1895 3853 est,
1951 3781 2160 3852 quibus
2215 3784 2443 3837 contra-

83 4020 344 4085 psandete
381 4023 553 4079 Sache
605 4023 856 4089 besitzt,“
915 4024 1044 4079 ΑΡ*
1080 4024 1211 4080 836;
1273 4024 1434 4093 „kein
1485 4025 1794 4092 Klagrecht
1846 4038 2029 4092 gegen
2083 4022 2189 4076 den
2242 4019 2445 4074 Psand-

83 4090 362 4149 inhaber.“
437 4094 733 4164 Dernburg
784 4094 1121 4149 Pfandrecht
1173 4096 1314 4149 118811
1368 4096 1476 4149 (1811
1529 4096 1909 4150 Grundsatzen
1965 4095 2060 4148 des
2114 4094 2261 4148 heut.
2309 4096 2441 4145 rom.

84 4161 286 4219 Rechts
326 4166 360 4219 I
394 4166 579 4235 (1860)
614 4182 665 4234 Ρ.
706 4168 798 4221 74:
854 4167 1000 4235 „Auf
1041 4168 1137 4220 (188
1173 4166 1352 4221 Recht
1390 4167 1487 4221 der
1523 4167 1918 4234 Arrestierung
1950 4166 2156 4220 konnte
2193 4161 2308 4217 sich
2347 4162 2445 4216 das

77 4232 280 4289 Gesetz
320 4237 629 4293 beziehen.“
661 4288 666 4295 .
708 4237 776 4292 cf.
813 4238 1008 4308 Hitzig
1045 4238 1081 4294 l.
1121 4254 1163 4294 s,

187 4340 591 4397 Bnrgkhardt,
620 4343 852 4387 Demosth.
882 4356 947 4388 or.
977 4342 1080 4388 adv.
1112 4343 1341 4397 Spudiam.
1977 4325 2012 4378 3
