3009 4859
1043 306 1487 362 ...17—

96 496 280 561 μημα
325 478 674 552 appellatur.
765 478 855 536 Ex
910 479 1022 539 hac
1076 480 1241 538 domo
1294 486 1460 539 actor
1504 480 1725 555 Spudia
1777 481 1966 541 invito
2011 480 2442 547 habitationum

96 568 385 627 mercedes
431 584 641 641 cogere
685 567 902 629 studet.

269 656 509 715 Diutius
571 657 666 715 his
727 656 789 715 in
849 658 1025 716 rebus
1089 658 1237 717 satis
1290 657 1629 717 difficilibus
1693 659 2155 717 commorandum
2207 659 2445 721 videtur

97 753 264 819 atque
311 746 562 820 primum
610 743 840 819 quidem
886 747 1297 823 quaerendum,
1346 764 1518 821 quam
1564 748 1633 806 ob
1680 764 1804 807 rem
1840 748 2209 823 Polyeuctus,
2256 750 2442 823 prius-

98 853 261 909 quam
323 830 716 918 ἀποτίμημα
771 834 956 908 dedit,
1012 836 1355 895 Leocratem
1410 837 1686 911 praedem
1740 837 2070 897 instituerit
2126 836 2186 915 (ἓ
2238 841 2275 899 6
2333 837 2443 899 καὶ

93 924 203 985 τὸν
249 924 655 1007 Λεωκράτην
693 922 1058 1008 συνέστησε,
1108 923 1144 1001 ἓ
1187 929 1266 985 16
1306 925 1456 995 τοὺς
1495 922 1850 995 ἀκούοντας
1888 973 1901 986 .
1923 970 1937 985 .
1958 974 1972 987 .
2012 927 2444 1013 συστήσαντος

96 1010 475 1074 ἀποδοῦναι.
548 1013 620 1074 cf.
655 1011 930 1071 Valesius
973 1016 1038 1071 in
1082 1014 1260 1073 Dind.
1307 1016 1397 1076 ed.
1444 1015 1796 1088 Harpocrat.
1832 1014 1898 1073 II
1941 1034 1997 1089 p.
2036 1018 2193 1089 466;
2240 1016 2445 1076 Schoe-

93 1120 265 1161 mann
306 1103 382 1161 ad
417 1102 496 1163 Is,
536 1101 707 1174 VIII,
749 1103 829 1161 23
877 1120 934 1176 p.
977 1104 1129 1177 3903
1179 1099 1328 1162 AP²
1376 1102 1529 1182 689)
1578 1109 1683 1162 aut
1727 1105 2029 1177 quomodo,
2076 1104 2228 1177 quod
2272 1106 2445 1181 Poly·

92 1198 294 1251 euctus
338 1191 498 1264 fecit,
542 1191 989 1263 intelligendum
1033 1194 1130 1252 sit.
1221 1192 1418 1265 Atque
1465 1194 1845 1254 συνιστάναι
1890 1194 2107 1252 habere
2151 1195 2445 1253 notionem

97 1280 410 1358 „praedem
458 1279 636 1339 dare“
689 1281 857 1340 docet
900 1281 1078 1343 Isocr.
1117 1281 1364 1355 Trapez.
1429 1280 1464 1357 ἓ
1507 1278 1663 1359 37.1)
1756 1282 1870 1342 Sed
1917 1299 2116 1342 vocem
2169 1283 2279 1343 hoc
2318 1284 2444 1341 loco

87 1371 240 1428 idem
288 1370 621 1441 siguificare
657 1374 869 1443 putare
903 1387 1018 1428 non
1053 1370 1209 1443 licet,
1257 1388 1392 1429 nam
1427 1372 1678 1444 primum
1722 1387 1870 1444 eum,
1909 1373 2009 1445 qui
2044 1388 2216 1446 praes
2254 1370 2445 1447 datur,

89 1460 417 1534 peculiaria
470 1460 623 1516 bona
675 1458 970 1532 possidere
1023 1476 1258 1518 necesse
1314 1467 1405 1518 est
1448 1493 1533 1503 —
1582 1460 1898 1519 Leocrates
1951 1466 2147 1520 autem
2189 1462 2254 1519 in
2299 1478 2446 1520 com-

89 1550 419 1608 munionem
480 1549 757 1606 bonorum
821 1548 1134 1623 Polyeucti
1194 1549 1461 1608 fortunas
1525 1566 1661 1608 suas
1725 1549 1976 1609 contulit
2038 1548 2134 1628 (cf.
2189 1567 2246 1624 p.
2306 1544 2443 1630 55);

87 1637 300 1696 deinde
346 1637 666 1712 Polyeucto
727 1643 979 1709 mortuo,
1043 1639 1083 1699 i.
1121 1656 1168 1697 e.
1227 1655 1354 1697 cum
1402 1638 1661 1698 debitum
1706 1639 2049 1699 solvendum
2095 1640 2238 1711 erit,
2300 1639 2446 1697 Leo-

89 1733 288 1785 crates
329 1727 457 1800 ipse
503 1732 571 1784 ut
613 1726 768 1784 filius
814 1726 1130 1800 adoptatus
1177 1727 1438 1786 dominus
1485 1730 1601 1787 erit
1638 1744 1833 1786 eorum
1868 1730 2166 1803 bonorum,
2215 1744 2287 1787 ex
2324 1730 2445 1801 qui-

89 1818 196 1875 bus
245 1816 444 1875 decem
489 1816 630 1874 illae
674 1815 868 1874 minae
913 1814 1228 1875 solvendae
1280 1822 1436 1879 sunt.
1528 1818 1690 1875 Fieri
1736 1834 1849 1876 non
1894 1822 2115 1891 potest,
2172 1824 2239 1875 ut
2294 1818 2446 1875 eius-

88 1906 220 1964 dem
270 1906 550 1978 pecuniae
597 1904 826 1963 debitor
870 1909 932 1963 et
975 1922 1150 1979 praes
1195 1906 1294 1963 sit.

276 1994 392 2053 Sed
453 1993 633 2051 latius
694 1997 862 2067 patet
925 2010 1129 2052 sensus
1183 1996 1344 2053 vocis
1402 1996 1809 2068 συνιστάναι,
1874 1995 2029 2053 unde
2072 1995 2181 2054 illa
2224 2011 2447 2068 quoque

87 2083 477 2156 significatio,
535 2082 606 2139 de
652 2097 767 2154 qua
811 2082 978 2140 modo
1025 2082 1274 2141 diximus
1322 2080 1620 2159 (praedem
1668 2078 1859 2164 dare),
1916 2084 2205 2157 originem
2252 2084 2441 2141 duxit:

85 2171 448 2253 συνίστημί
500 2171 605 2230 σοι’
653 2189 803 2231 τινα
856 2170 1171 2252 παρέχειν
1225 2191 1291 2232 τι
1336 2171 1487 2229 hanc
1533 2173 1653 2232 vim
1699 2172 1901 2231 habet:
1958 2189 2152 2231 coram
2200 2178 2258 2231 te
2302 2174 2447 2231 sisto

81 2261 349 2333 aliquem
394 2263 462 2315 ut
509 2259 730 2331 aliquid
773 2259 1055 2332 praebeat
1099 2264 1204 2318 aut
1246 2265 1557 2333 praesente
1600 2266 1662 2319 te
1707 2261 1918 2319 mando
1962 2262 2167 2337 alicui,
2230 2268 2297 2319 ut
2341 2262 2459 2319 ali-2

82 2349 232 2422 quid
303 2348 599 2420 praebeat.
711 2345 1012 2424 (Schaefer
1066 2349 1142 2406 ad
1189 2343 1396 2428 [Dem.]
1443 2348 1681 2422 XLIX,
1733 2352 1813 2411 28
1860 2351 1923 2408 in
1970 2349 2058 2409 ed.
2103 2350 2289 2409 Lond.
2327 2350 2447 2409 VII

79 2457 133 2511 p.
183 2439 346 2508 2753
395 2431 542 2494 ΑΡ2
581 2432 752 2517 689.)
843 2437 1096 2508 Quocum
1160 2438 1429 2496 conferas
1491 2439 1665 2497 huius
1721 2440 2000 2498 orationis
2048 2438 2082 2515 ξ
2125 2441 2233 2499 16:
2298 2438 2449 2506 τοὺς

83 2522 455 2592 ἀκούοντας
492 2524 928 2612 συστήσαντος
965 2527 1066 2603 (sc.
1105 2526 1413 2599 Polyeucti
1449 2526 1794 2599 Leocratem
1830 2527 2041 2607 actori)
2082 2522 2448 2589 ἀποδοῦναι

81 2618 119 2677 i.
171 2632 221 2673 e.
281 2615 637 2689 Polyeuctus
701 2619 899 2672 actore
961 2621 1272 2688 praesente
1325 2612 1603 2675 Leocrati
1665 2618 1995 2689 mandavit,
2058 2623 2128 2675 ut
2190 2618 2450 2677 solveret

85 2705 293 2762 decem
337 2704 472 2761 illas
517 2704 722 2762 minas.
811 2704 1064 2763 Miretur
1108 2705 1362 2764 fortasse
1397 2708 1705 2779 quispiam,
1753 2706 1904 2780 quod
1939 2707 2293 2781 Polyeuctus
2338 2706 2449 2763 hoc

83 2793 257 2865 fecit,
319 2808 448 2851 cum
492 2810 597 2866 per
642 2808 705 2852 se
749 2793 1025 2851 Leocrati
1070 2800 1137 2851 ut
1180 2795 1301 2854 filio
1347 2796 1622 2869 adoptivo
1670 2801 1845 2868 atque
1890 2795 2095 2854 heredi
2137 2795 2448 2871 Polyeucti

83 2881 437 2941 solvendum
486 2887 666 2957 esset,
731 2883 882 2955 quod
936 2888 1109 2955 pater
1154 2883 1378 2955 debuit3
1445 2884 1547 2942 sed
1592 2884 1902 2957 Polyeucti
1962 2886 2256 2941 intererat
2298 2883 2444 2941 Leo-

85 2978 318 3030 cratem
364 2987 570 3028 nomen
617 2970 765 3029 illud
810 2972 1091 3044 confiteri,
1139 2988 1211 3029 ne
1254 2977 1428 3045 patre
1472 2976 1697 3030 mortuo
1744 2972 1874 3029 fieri
1918 2975 2134 3047 posset,
2179 2976 2247 3029 ut
2291 2971 2447 3029 debi-

81 3068 210 3119 tum
270 3064 479 3118 extare
524 3064 790 3133 negaret.
865 3060 936 3121 cf.
984 3060 1237 3119 Dareste
1290 3060 1368 3134 pl.
1414 3062 1530 3122 civ.
1578 3076 1633 3131 p.
1676 3062 1798 3119 165
1850 3060 1983 3120 adn.
2023 3063 2090 3133 93
2137 3056 2444 3118 Thalheim

81 3150 303 3222 Progr.
346 3150 516 3207 1892
556 3167 611 3223 p.
652 3152 690 3209 8
737 3149 951 3222 „Diese
987 3148 1437 3223 Verpfiichtuug
1473 3150 1639 3207 hatte
1674 3148 2000 3208 Leokrates
2038 3150 2126 3207 als
2162 3148 2447 3222 Adoptiv-

81 3240 231 3297 sohn
283 3237 405 3295 und
449 3238 608 3296 Erbe
655 3238 756 3295 des
801 3238 1161 3313 Polyeuktos
1207 3239 1583 3296 anerkennen
1628 3240 1915 3300 miissen.“
1936 3234 1984 3318 2)

273 3374 318 3441 1)
364 3375 668 3446 ἐρωτῶντος
721 3378 829 3444 γὰρ
866 3373 1284 3445 Στρατοκλέους“,
1341 3375 1485 3433 ὅστις
1540 3376 1682 3445 αὐτῷ
1736 3373 2008 3427 ἀποδώσει
2062 3376 2127 3425 τὰ
2176 3372 2446 3445 χρήματα,

79 3445 180 3500 ἐὰν
221 3487 235 3500 .
283 3490 296 3501 .
341 3486 370 3513 .,
427 3439 669 3499 Πασίων’
707 3447 849 3517 αὐτῷ
902 3446 1261 3514 συνέστησα
1315 3447 1408 3497 καὶ
1445 3446 1790 3516 ὡμολόγησεν
1844 3434 1997 3505 οὗτος·
2048 3447 2190 3518 αὐτῷ
2242 3446 2334 3499 καὶ
2389 3450 2447 3497 τὸ

80 3522 326 3589 ἀρχαῖον
345 3517 437 3568 καὶ
457 3518 575 3577 τούς
593 3519 772 3576 τόκους
792 3516 910 3576 τούς
938 3516 1296 3587 γιγνομένους
1335 3516 1543 3570 δώσειν.
1600 3521 1774 3569 καίτοι
1808 3516 1860 3569 εἰ
1895 3514 2073 3587 μηδὲν
2108 3518 2279 3569 ἔκειτο
2316 3511 2445 3586 παρ’

79 3591 228 3662 αὐτῷ
269 3595 383 3711 τῶέν
419 3584 584 3659 ἐμῶν,
625 3582 794 3641 οἴεσθ’
815 3592 885 3640 ἂν
923 3590 1086 3641 αὐτόν
1105 3588 1240 3640 οὕτω
1269 3588 1466 3659 ῥᾳδίως
1493 3589 1754 3640 τοσούτων
1784 3590 2083 3660 χρημάτων
2117 3588 2447 3658 ἐγγυητήν

121 3682 184 3714 ου
267 3678 336 3713 εν
367 3665 522 3712 σθαι·
1824 3664 1829 3669 ’

73 3681 115 3732 μ
223 3680 316 3797 7²)
351 3700 545 3783 simili’s
590 3728 740 3783 verbi
788 3732 1099 3782 concordatae
1143 3742 1274 3782 usus
1320 3729 1558 3797 occurrit
1602 3727 1747 3795 apud
1783 3727 1855 3781 Is.
1892 3726 2052 3793 VIII,
2088 3727 2181 3780 23:
2229 3726 2445 3781 Diocles

75 3802 328 3872 (debitor
362 3801 530 3870 prior)
566 3804 836 3870 συνίστησι
871 3800 981 3870 (vel
1017 3800 1200 3868 potius
1235 3814 1293 3853 se
1329 3798 1429 3853 hoc
1463 3798 1738 3853 facturum
1776 3812 1893 3853 esse
1929 3798 2199 3867 promisit)
2234 3798 2446 3866 negoti-

77 3882 290 3941 atoreS,
332 3872 426 3939 qui
460 3887 548 3926 res
585 3871 655 3925 ad
690 3871 1026 3939 sepulturam
1062 3869 1395 3925 necessarias
1429 3869 1829 3937 praestiterunt
1864 3868 2216 3939 (creditores),
2272 3868 2445 3925 actori

74 3943 405 4015 (posteriori
441 3943 711 4011 debitori).
800 3942 1004 3997 Eodem
1039 3956 1204 3996 sensu
1239 3941 1426 3996 Isaeus
1476 3941 1652 3996 dicere
1688 3940 1891 4009 potuit:
1949 3941 2164 3995 Diocles
2210 3939 2447 4009 (debitor

73 4018 252 4085 prior)
305 4019 580 4084 συνίστησι
625 4019 861 4069 actorem
900 4014 1221 4083 (debitorem
1259 4012 1480 4081 poster.)
1534 4012 1971 4081 negotiatoribus
2024 4010 2443 4079 (creditoribus),

73 4090 161 4144 ita
200 4093 275 4141 ut
315 4088 420 4141 hae
455 4100 543 4140 res
579 4085 714 4140 satis
752 4086 1026 4152 quadrent
1062 4084 1133 4138 ad
1168 4090 1408 4138 nostram
1447 4083 1763 4139 orationem.
1819 4082 2135 4137 Nihilenim
2162 4082 2443 4145 interesse,

71 4161 314 4215 dicasne
371 4160 657 4228 συνίστημί
705 4174 788 4209 σοι
841 4166 1054 4225 τοῦτον,
1113 4171 1179 4209 an
1219 4154 1366 4209 dicas
1404 4158 1686 4227 συνίστημί
1730 4173 1789 4208 σε
1836 4156 2024 4227 τούτῳ,
2080 4154 2188 4207 iam
2233 4153 2445 4207 monuit

71 4232 296 4287 Reiske
335 4228 394 4282 in
431 4228 619 4283 Indice
654 4227 894 4284 Graecit.

2505 653 2573 696 De
2600 666 2711 720 voce

2470 722 2742 757 ovthcwae.
