3009 4859
1119 1187 1328 1271 Vita.

231 1426 514 1485 Rudolfus
560 1426 951 1498 Burgkhardt
995 1431 1170 1485 natus
1223 1443 1349 1484 sum
1396 1443 1446 1484 a.
1495 1427 1551 1487 d.
1598 1426 1798 1486 XVII.
1843 1426 1979 1484 Kal.
2026 1426 2214 1485 Maias
2262 1428 2404 1486 anni

88 1516 220 1573 1881
277 1517 520 1591 Lipsiae
579 1521 752 1589 patre
804 1515 1100 1588 Johanne,
1165 1522 1356 1574 matre
1409 1516 1688 1587 Augusta
1750 1533 1781 1573 e
1844 1521 2023 1587 gente
2078 1516 2407 1589 Bahmann,

85 1618 220 1671 quam
271 1612 652 1678 praematura
705 1611 891 1663 morte
946 1606 1249 1677 abreptam
1297 1622 1422 1663 esse
1469 1605 1650 1663 dole0.
1742 1604 1915 1663 Fidei
1960 1605 2230 1663 addictus
2276 1623 2403 1664 sum

87 1696 446 1765 evangelicae.
556 1694 773 1752 Primis
844 1694 1180 1751 litterarum
1254 1696 1558 1752 elementis
1632 1695 1891 1751 imbutus
1964 1694 2217 1752 scholam
2281 1696 2407 1753 adii

60 1778 479 1843 'Nicolaitanam
541 1783 932 1857 Lipsiensem,
1006 1800 1176 1855 quam
1249 1784 1433 1855 primo
1505 1784 1679 1841 huius
1743 1784 1960 1841 saeculi
2025 1800 2174 1841 anno
2236 1784 2403 1842 testi-

87 1873 298 1931 monium
345 1873 710 1932 maturitatis
757 1873 1004 1945 adeptus
1050 1872 1279 1944 reliqui.
1354 1872 1674 1945 Postquam
1710 1873 1883 1930 unius
1920 1872 2061 1930 anni
2106 1873 2411 1945 stipendia

89 1963 232 2019 merui
287 1964 349 2021 in
405 1963 638 2036 patriae
693 1961 925 2033 legione
976 1964 1132 2029 106,
1200 1962 1615 2021 universitatis
1660 1961 1988 2034 Lipsiensis
2034 1962 2258 2020 civibus
2304 1962 2404 2020 ad·

91 2051 297 2122 scriptus
359 2051 730 2125 philologieis
795 2050 1006 2109 studiis
1072 2056 1248 2122 atque
1311 2051 1611 2109 historicis
1683 2068 1775 2109 me
1838 2050 2051 2108 dedidi.
2180 2050 2409 2109 Scholis

87 2143 245 2198 autem
291 2142 542 2199 interfui
589 2141 685 2198 vel
729 2141 1032 2213 intersum,
1077 2157 1221 2211 quas
1267 2140 1602 2199 habuerunt
1646 2140 1767 2197 viri
1811 2139 2151 2197 doctissimi:
2199 2140 2403 2197 Birch-

85 2221 414 2302 Hirschfeld,
482 2230 853 2301 Brugmann,
916 2228 1241 2300 Buchholz,
1307 2228 1445 2286 Max
1510 2229 1762 2300 Heinze,
1835 2228 2097 2286 Richard
2159 2228 2407 2301 Heinze,

85 2312 374 2391 Hofmann,
447 2319 746 2389 Immisch,
821 2318 1186 2389 Jungmann,
1251 2317 1497 2389 Kaerst,
1562 2318 1958 2388 Koetzschke,
2031 2317 2406 2389 Lamprecht,

83 2398 305 2483 Lipsius,
358 2408 626 2480 Martini,
674 2407 870 2480 Marx,
916 2407 1129 2465 Ratzel
1165 2404 1226 2481 †,
1274 2404 1565 2479 Seeliger,
1612 2406 1869 2479 Volkelt,
1918 2406 2307 2465 Wachsmuth
2343 2406 2408 2483 †,

85 2488 345 2570 Wilcken,
393 2498 674 2555 Zarnoke.

224 2586 454 2646 Sodalis
516 2585 604 2643 fui
666 2585 1072 2658 proseminarii
1136 2585 1475 2658 philologici
1529 2584 1860 2643 Immischio
1906 2584 2246 2643 moderante
2300 2602 2411 2657 per

89 2668 163 2729 luo
208 2678 530 2747 semestria‚
577 2691 683 2747 per
727 2674 879 2733 idem
927 2680 1155 2746 tempus
1199 2674 1606 2747 proseminarii
1650 2674 1918 2732 historici
1963 2673 2239 2746 auspiciis
2284 2675 2405 2732 Ru-

91 2756 182 2820 lolfi
247 2765 635 2824 Koetzschke.
745 2764 818 2821 In
891 2764 1265 2822 seminarium
1337 2764 1680 2821 historicum
1752 2763 1977 2821 aditum
2041 2764 2185 2821 mihi
2246 2768 2410 2836 pate-

87 2848 316 2913 fecerunt
362 2854 752 2912 Wachsmuth
797 2870 902 2926 per
947 2854 1096 2921 tria,
1157 2852 1435 2910 Wilcken
1480 2869 1588 2924 per
1641 2869 1844 2927 unum,
1899 2851 2257 2924 Lamprecht
2301 2870 2412 2925 per

85 2952 174 3014 sex,
241 2943 506 3016 Seeliger
550 2959 655 3015 per
701 2948 922 3015 septem
968 2942 1292 3001 semestria‚
1381 2941 1637 2999 Interfui
1692 2957 1917 3013 quoque
1972 2940 2409 2999 exercitationi-

85 3024 174 3109 bus,
241 3049 385 3105 quas
432 3034 821 3090 instituerunt
865 3031 1035 3088 Marx
1081 3031 1153 3089 de
1199 3032 1375 3089 rebus
1420 3032 1706 3101 metriciS,
1770 3030 2108 3102 Jungmann
2156 3029 2229 3087 de
2273 3034 2407 3087 arte

85 3121 473 3194 paedagogica,
539 3126 600 3179 et
644 3122 1011 3192 benignitate
1056 3120 1270 3193 Lipsii,
1336 3119 1585 3189 Marxii,
1655 3119 2091 3177 Wachsmuthii
2134 3124 2407 3191 receptus

85 3220 171 3266 sum
218 3212 280 3268 in
329 3210 704 3269 seminarium
747 3210 1187 3284 philologicum,
1244 3211 1406 3267 cuius
1471 3209 1687 3267 sodalis
1751 3208 2082 3266 ordinarius
2145 3208 2235 3265 fui
2297 3224 2407 3280 per

81 3290 135 3353 bis
183 3316 286 3356 sex
331 3317 574 3360 menses,

224 3388 446 3457 Quibus
492 3390 754 3445 omnibus
791 3387 1272 3461 praeceptoribus
1318 3389 1601 3444 maximas
1647 3387 1833 3444 habeo
1880 3386 2109 3457 gratias
2156 3402 2409 3458 semper-

79 3486 154 3541 que
219 3477 473 3548 habebO,
537 3478 851 3549 praecipue
914 3477 1142 3549 Lipsio,
1208 3479 1310 3548 qui
1372 3477 1519 3534 haec
1581 3477 1713 3547 ipsa
1766 3475 1965 3533 studia
2008 3491 2226 3546 magna
2271 3491 2399 3533 cum

73 3556 406 3624 lberalitate
451 3565 685 3625 foverit.
1706 3572 1715 3579 '
