3009 4859
1393 314 1839 371 ...14-

441 490 594 548 forte
641 494 1022 549 exorerentur
1078 490 1147 547 de
1193 491 1527 549 hereditate
1572 489 1889 549 dividenda
1935 495 2037 547 aut
2082 488 2208 547 eius
2252 490 2485 565 finibus,
2544 493 2656 551 alio
2702 494 2802 551 1110
2991 537 3006 575 Π

441 579 586 637 alios
649 579 931 637 iudicium
993 580 1218 637 laturos
1283 596 1409 637 esse
1463 596 1580 637 non
1634 579 1964 651 ignorabat.
2059 578 2177 638 Sed
2228 595 2335 637 cur
2389 575 2804 649 ἕπιδικασίας
2989 626 3009 664 ,3

439 669 658 727 mentio
705 685 818 726 non
864 666 971 726 fit?
1062 668 1192 726 Non
1240 668 1390 740 quod
1443 669 1721 726 instituta
1774 684 1890 726 non
1944 668 2041 740 sit,
2096 667 2201 726 sed
2255 670 2408 740 quod
2464 676 2629 729 actor
2683 687 2796 729 non
2988 701 3009 753 sl

437 757 636 829 habet,
683 773 788 814 cur
835 772 961 815 eam
999 761 1421 830 commemoret,
1467 756 1814 830 praesertim
1853 773 1982 814 cum
2020 757 2180 815 nullo
2216 758 2333 816 nisi
2372 761 2609 830 generis
2645 761 2799 817 bona
2985 804 3009 842 m

321 862 326 866 ·
437 846 746 919 Polyencti
810 847 1146 918 petentibus
1207 863 1304 904 res
1360 845 1536 905 facile
1601 844 1910 919 expeditae
1976 861 2101 903 esse
2166 846 2500 905 videantur.
2591 848 2797 921 Neque
2985 876 3001 932 ἱ

437 940 638 1007 putem
701 952 950 1007 generos
1013 936 1296 1007 petitione
1361 935 1435 993 ad
1501 936 1837 993 archontem
1911 935 2138 992 omnino
2200 951 2317 992 non
2382 936 2581 995 delata
2642 939 2802 995 bona

437 1029 645 1082 contra
697 1024 860 1097 leges
907 1040 1236 1097 occupasse,
1297 1040 1644 1096 quamquam
1698 1024 1808 1081 hoc
1860 1023 2025 1082 modo
2092 1016 2508 1085 ἐπιδικασίαν
2572 1026 2796 1084 iniuria

435 1114 772 1171 institutam
835 1128 946 1171 non
1016 1129 1144 1171 esse
1209 1113 1603 1185 compluribus
1666 1112 1811 1170 locis
1876 1112 2159 1170 traditum
2223 1118 2331 1172 est.
2420 1113 2493 1175 cf.
2549 1114 2801 1187 Rueger

435 1202 670 1273 Prolog.
726 1204 790 1259 in
837 1194 1048 1283 [Dem.]
1097 1202 1230 1262 adv.
1277 1200 1507 1277 olymp.
1560 1204 1729 1261 1885
1768 1219 1824 1275 p.
1868 1203 1950 1259 14
1988 1202 2119 1260 adn.
2160 1202 2227 1273 4;
2282 1202 2588 1261 Thalheim
2634 1203 2798 1277 apud

437 1290 713 1353 P.-Wiss.
760 1308 805 1352 8.
852 1308 909 1352 v.
958 1285 1266 1358 ἕπίδικος.

129 1458 414 1555 Βθῆζὶξῖξῐῑδ
620 1468 939 1539 Postquam
987 1473 1182 1526 autem
1231 1466 1484 1542 Spudiae
1533 1474 1593 1526 et
1629 1469 1833 1539 actori,
1880 1468 1934 1526 si
1976 1472 2137 1525 recte
2172 1466 2579 1541 iudicavimuS,
2626 1468 2795 1525 here-

157 1525 186 1565 p
311 1527 328 1555 ²
355 1544 368 1556 ’
442 1556 598 1615 ditas
646 1558 884 1616 addicta
929 1562 1037 1629 est,
1085 1559 1240 1616 inter
1286 1574 1383 1617 eos
1428 1558 1595 1615 rixae
1642 1564 1881 1615 exortae
1927 1563 2066 1615 sunt
2111 1557 2183 1615 de
2225 1557 2391 1614 bonis
2439 1556 2801 1615 dividendis,

438 1646 683 1705 Constat
704 1689 710 1697 .
729 1663 870 1705 vero
917 1647 1366 1705 Atheniensium
1409 1664 1626 1706 morem
1671 1645 1871 1719 fuisse,
1930 1652 1998 1703 ut
2052 1651 2254 1720 partes
2309 1646 2621 1717 litigantes
2675 1661 2799 1701 non

435 1736 638 1794 statim
684 1736 761 1793 ad
805 1735 1028 1794 iudices
1076 1735 1327 1807 adirent,
1385 1736 1488 1794 sed
1533 1752 1767 1808 operam
1814 1736 2040 1808 darent,
2087 1740 2155 1792 ut
2199 1751 2321 1792 rem
2359 1733 2799 1793 diiudicandam

433 1824 736 1883 deferrent
780 1826 998 1896 amiciS,
1047 1826 1148 1897 qui
1191 1825 1498 1897 utriusque
1534 1826 1726 1897 partis
1762 1841 1859 1882 res
1896 1825 2215 1896 novissent,
2247 1822 2507 1899 cf.§14;
2556 1824 2800 1881 Hubert

434 1913 504 1971 de
552 1914 796 1972 arbitris
842 1914 1064 1971 Atticis
1115 1917 1283 1973 1885
1323 1932 1377 1986 p.
1420 1916 1476 1973 8.
1568 1915 1778 1985 Itaque
1834 1918 2001 1971 actor
2045 1929 2259 1985 magno
2315 1929 2487 1985 opere
2542 1912 2803 1983 studuit,

431 2007 500 2060 ut
542 2020 648 2076 per
696 2003 908 2061 amicos
957 2002 1354 2061 dissensiones.
1391 2009 1887 2075 componerentur,
1942 2002 2045 2060 sed
2100 2000 2351 2075 Spudias
2381 2002 2621 2060 ‘amicos
2676 2000 2801 2058 dis-

431 2096 759 2165 ceptatores
804 2098 1056 2165 recusat,
1103 2092 1165 2150 id
1211 2090 1362 2163 quod
1408 2097 1573 2149 actor
1600 2092 1833 2164 saepius
1862 2092 1915 2149 ei
1942 2091 2173 2149 crimini
2200 2092 2303 2148 dat
2331 2084 2429 2171 (ἓξ
2454 2093 2509 2163 1,
2534 2092 2635 2163 14,
2660 2084 2805 2169 29).

606 2180 734 2238 Hoc
777 2182 1056 2239 memoria
1101 2181 1381 2253 retineas,
1443 2198 1571 2239 cum
1623 2181 1742 2239 iam
1788 2180 2063 2238 iudicium
2120 2178 2530 2251 proferendum
2584 2181 2663 2237 sit
2721 2180 2809 2236 de

429 2269 722 2328 nonnullis
768 2271 926 2341 locis,
985 2270 1195 2341 quibus
1240 2275 1404 2328 actor
1460 2271 1918 2342 disceptatorum
1970 2269 2320 2327 mentionem
2373 2268 2546 2340 facit3
2611 2273 2809 2339 atque

427 2360 488 2417 in
529 2374 764 2417 censum
809 2360 1058 2417 veniunt
1103 2360 1288 2417 verba
1332 2357 1367 2433 ξ
1409 2362 1490 2417 14
1531 2364 1591 2417 et
1628 2358 1664 2434 ξ
1706 2357 1815 2430 15,
1854 2358 1956 2415 ubi
2000 2357 2170 2414 haec:

607 2446 642 2523 ξ
685 2450 794 2505 14.
845 2442 1082 2508 ἔπειτα
1128 2443 1469 2525 θαυμάζω,
1517 2448 1587 2507 τί
1630 2438 1864 2531 δήποτ’
1905 2495 1919 2509 .
1961 2491 1974 2505 .
2086 2440 2563 2525 β.ουλομε’νων
2588 2441 2802 2549 ἡμᾶς

425 2543 560 2598 τῶν
607 2533 818 2615 φίλων
865 2532 1164 2596 διαλύειν
1207 2555 1318 2595 και
1363 2532 1630 2597 πολλῶν
1678 2532 1882 2611 λόγων
1928 2490 2314 2612 γενομένων,
2374 2532 2494 2609 οὐχ
2540 2534 2765 2603 οἶόςτ

427 2622 508 2707 ἠν
556 2618 886 2703 ἐμμένειν,
933 2610 1028 2692 οἷς
1073 2619 1312 2685 ἐκεῖνοι
1360 2630 1595 2709 γνοῖεν.

604 2713 639 2790 ξ
691 2716 800 2772 15:
847 2710 939 2799 μὴ
989 2710 1106 2793 γὰρ
1155 2704 1373 2773 οἴεσθ’
1419 2710 1466 2771 ὦ
1514 2712 1577 2774 ἄ.
1627 2712 1679 2773 δ.
1725 2711 1879 2781 τοὺς
1935 2706 2187 2779 εἰδότας
2242 2700 2509 2772 ἅπαντα
2566 2720 2803 2774 ταῦτα

423 2799 573 2864 νυνὶ
636 2799 758 2880 μὲν
825 2801 1304 2870 ὑποκινδύνους·
1375 2801 1615 2870 αὐτοὺς
1677 2802 2120 2869 καθιστάντας
2182 2794 2333 2879 ἐμοὶ
2396 2808 2813 2882 μαρτυρεῖν,

423 2894 572 2952 τότε
602 2882 662 2951 δ’
683 2888 802 3001 ’(’ἄν
838 2892 1068 2950 addidit
1103 2890 1257 2949 Blass
1296 2892 1384 2953 ed.
1423 2892 1715 2953 Teubner.
1726 2888 1775 2969 ⁴)
1823 2890 2187 2969 ὀμόσαντας
2224 2886 2383 2949 ἄλλο
2429 2910 2494 2950 τι
2534 2894 2815 2967 γνῶναι

421 2997 510 3041 πε
556 2979 579 3039 e:
625 2979 861 3042 αὐτῶν.
1029 3024 1032 3027 -

515 3001 550 3060 ρ
597 3069 912 3127 Erravisse
951 3074 1098 3142 puto
1145 3070 1244 3141 qui
1291 3075 1567 3128 censeant
1603 3085 1675 3127 ex
1710 3069 1803 3126 his
1849 3068 1991 3126 locis
2038 3067 2426 3138 colligendum
2471 3084 2599 3125 esse
2642 3071 2819 3128 ami·

425 3171 520 3215 cos
566 3158 880 3216 arbitrium
928 3158 1174 3231 dedisse,
1221 3175 1356 3215 nam
1389 3160 1641 3229 obstant,
1690 3173 1837 3229 quae
1862 3152 2039 3215 ’1110110
2078 3156 2339 3229 exposui;
2386 3156 2555 3214 immo
2592 3157 2821 3231 loqui-

424 3250 523 3303 tur
580 3253 746 3305 actor
801 3248 872 3306 de
929 3249 1030 3319 eis‘,
1087 3262 1236 3319 quae
1292 3247 1462 3304 amici
1525 3246 1963 3319 iudicavissent,
2018 3246 2071 3303 si
2132 3262 2199 3303 re
2262 3262 2409 3305 vera
2464 3246 2825 3328 arbitrium

423 3333 744 3407 dedissent;
803 3335 907 3420 0011
952 3352 1067 3393 11011
1113 3334 1415 3393 dederunt.
1507 3334 1672 3404 Quod
1724 3351 1855 3392 cum
1908 3340 2179 3393 constare
2232 3334 2533 3409 videatur,
2586 3340 2837 3397 verba

423 3416 743 3501 ἐμμένειν
793 3424 888 3491 οἱς
929 3418 1168 3485 ἐκεῖνοι
1228 3429 1444 3501 γνοῖεν
1499 3440 1613 3481 11011
1658 3424 2019 3495 significant:
2073 3440 2223 3495 quae
2278 3424 2845 3502 disceptaverunt,

419 3512 545 3570 sed:
613 3528 762 3584 quae
818 3513 1203 3587 disceptaturi
1267 3518 1440 3571 erant
1503 3509 1868 3589 (subaudiasz
1932 3513 1983 3570 si
2046 3512 2357 3570 arbitrium
2421 3511 2833 3594 dedissent-03

417 3607 581 3660 recte
626 3602 812 3661 vertit
857 3602 1109 3661 Dareste
1153 3602 1232 3674 pl.
1271 3602 1382 3663 civ.
1418 3602 1451 3659 I
1485 3620 1541 3674 p.
1586 3605 1712 3661 158
1750 3618 1816 3660 00
1854 3600 2026 3674 qu’ils
2073 3601 2484 3659 decideraient.
2567 3601 2856 3677 Nequff

419 3692 596 3749 aliter
643 3693 829 3749 verba
877 3688 914 3770 ὅ
959 3695 1038 3751 15
1087 3694 1238 3753 τότε
1287 3680 1448 3753 δ’ἂν.
1496 3738 1511 3752 .
1552 3740 1565 3752 .
1605 3738 1619 3751 .
1667 3687 1825 3751 ἄλλο
1874 3710 1939 3751 τι
1986 3697 2253 3766 γνῶναιι
2302 3690 2472 3748 amici
2517 3690 2570 3748 si
2626 3695 2856 3757 arbi-

416 3782 599 3839 trium
645 3781 962 3854 dedissent,
1009 3798 1192 3854 aeque
1239 3786 1444 3840 contra
1490 3779 1768 3854 Spudiam
1824 3780 2197 3853 iudicassent,
2254 3796 2322 3835 ac
2366 3796 2521 3837 nunc
2566 3787 2871 3849 contra,

418 3886 549 3927 eum
593 3871 990 3928 testimoninm
1035 3870 1309 3941 reddunt3
1368 3870 1579 3929 vocula
1626 3864 1705 3928 ἂν
1754 3885 1789 3925 a
1834 3868 2133 3927 Friderico
2178 3868 2333 3927 Blass
2380 3868 2589 3939 addita
2640 3875 2869 3938 mihi

416 3960 618 4031 utique
665 3957 1001 4031 recipienda
1047 3958 1288 4017 videtur
1332 3975 1473 4017 0000.

596 4046 711 4105 Sed
757 4048 1020 4120 quaestio
1066 4048 1273 4120 oritur,
1319 4044 1517 4104 utrum
1565 4047 1737 4105 amici
1782 4065 1819 4105 a
1862 4048 2129 4122 partibus
2176 4046 2391 4104 arbitri
2446 4046 2631 4106 electi
2694 4068 2883 4117 ne-

415 4138 534 4195 scio
573 4153 688 4208 qua
725 4136 796 4194 de
834 4153 1012 4194 causa
1056 4136 1368 4194 arbitrium
1406 4153 1523 4193 non
1558 4135 1844 4209 dederint,
1892 4154 1971 4195 an
2007 4137 2235 4194 omnino
2274 4153 2387 4193 non
2426 4136 2607 4199 electi
2646 4140 2893 4217 Sint,

415 4226 724 4283 Faciamus
779 4230 980 4297 partes
1027 4226 1303 4298 quasdam
1361 4226 1573 4283 amicos
1629 4242 1855 4299 creare,
1914 4226 2014 4297 qui
2068 4226 2499 4284 controversias
2555 4242 2905 4311 compo-
