3009 4859
1562 308 2008 367 -32—

607 484 882 542 debemus
952 500 1180 543 socrum
1251 484 1464 542 marito
1538 488 1761 541 mortuo
1844 483 2081 556 generis
2150 485 2457 555 pecuniam
2539 485 2774 544 dedisse.
2862 486 2916 544 cf.

609 571 890 631 Schaefer
933 574 974 633 1.
1019 589 1065 633 s.
1101 572 1222 631 VII
1266 590 1324 646 p.
1372 576 1484 648 513
1530 572 1841 630 Thalheim
1884 572 2097 645 Progr.
2147 573 2315 632 1892
2364 591 2423 646 p.
2471 568 2639 653 101).

787 661 902 721 Sed
955 662 1006 719 si
1061 662 1169 720 hoc
1231 666 1498 719 constare
1560 660 1797 719 videtur
1851 691 1937 704 --
1990 660 2145 719 unde
2206 662 2418 719 mulier
2478 663 2749 735 habebat,
2803 662 2920 735 quod

607 749 820 808 daret?
911 750 1074 821 Quod
1120 756 1188 807 ut
1232 751 1587 823 explicemus
1629 751 1790 808 inter
1846 749 2010 822 duas,
2064 754 2345 822 quantum
2399 751 2589 825 video,
2644 753 2919 810 sententias

605 840 768 913 optio
813 839 1006 913 datur,
1051 857 1178 899 cum
1239 856 1366 897 eam
1419 839 1605 899 filiam
1658 838 2077 898 hereditariam
2130 855 2247 897 11011
2300 839 2484 897 fuisse
2539 837 2697 916 (nam
2748 841 2923 898 fratres

607 922 840 1009 extant)
891 945 1080 1002 neque
1134 929 1321 1001 igitur
1366 930 1777 1001 patrimonium
1821 928 2115 1001 accepisse
2176 934 2487 1001 appareat:
2556 936 2661 987 aut
2722 930 2921 987 facimus

607 1034 736 1075 eam
789 1021 1094 1091 pecuniam
1147 1018 1378 1076 dedisse
1431 1018 1504 1076 de
1560 1018 1695 1076 dote
1746 1034 1855 1076 sua
1918 1024 2025 1076 aut
2086 1017 2161 1075 de
2220 1019 2389 1075 bonis
2432 1018 2756 1093 Polyeucti.
2832 1019 2924 1075 Dos

607 1109 781 1179 enim,
827 1124 1002 1178 quam
1047 1108 1260 1166 mulier
1305 1106 1597 1178 quondam
1642 1108 1705 1165 111
1750 1106 1979 1164 domum
2022 1108 2223 1164 mariti
2264 1108 2569 1178 intulerat,
2606 1108 2710 1166 illo
2744 1114 2924 1166 mortuo

607 1200 714 1253 aut
759 1193 836 1252 ad
869 1195 1106 1267 fratres,
1141 1212 1284 1268 quos
1318 1196 1645 1271 Polyeucto
1690 1200 1915 1253 mortuo
1960 1196 2223 1253 mulieris
2267 1196 2534 1270 κυρίους
2576 1196 2757 1256 fuisse
2796 1200 2927 1269 puta·

605 1300 752 1359 mus,
797 1278 896 1364 (cf.
943 1283 1017 1361 ἐξ
1065 1288 1124 1358 8,
1175 1288 1235 1357 9,
1285 1286 1394 1357 10,
1445 1289 1547 1359 18,
1600 1286 1701 1357 19,
1750 1288 1863 1359 21;
1907 1284 2161 1343 Dareste
2197 1284 2274 1357 pl.
2312 1286 2427 1344 civ.
2464 1302 2521 1358 p.
2564 1288 2689 1345 165
2728 1286 2848 1344 adn.
2879 1288 2929 1353 53

606 1372 912 1431 Thalheim
940 1375 978 1435 1.
1007 1370 1080 1455 8.)
1115 1374 1316 1435 redire
1353 1379 1604 1445 poterat,
1642 1374 1695 1431 si
1729 1373 1911 1433 vidua
1946 1374 2078 1447 ipsa
2112 1375 2175 1431 in
2211 1389 2409 1431 eorum
2447 1373 2677 1433 domum
2712 1379 2930 1433 reverte·

605 1463 799 1534 batur,
846 1469 952 1521 aut
996 1464 1059 1520 in
1103 1464 1419 1523 liberorum
1431 1458 1483 1542 ⁴³)
1530 1462 1951 1536 possessionem
1996 1463 2289 1535 veniebat,
2336 1464 2389 1519 si
2432 1464 2497 1519 in
2548 1466 2752 1522 mariti
2801 1465 2928 1521 domo

609 1568 917 1609 remanere
979 1553 1253 1611 malebat.
1363 1553 1674 1625 Polyeucti
1734 1568 1973 1610 uxorem
2036 1552 2145 1610 hoc
2205 1551 2558 1625 praetulisse
2634 1555 2930 1611 existimare

605 1640 763 1712 licet,
809 1641 898 1699 ita
941 1645 1011 1698 ut
1045 1641 1146 1699 dos
1183 1643 1420 1701 venerit
1455 1642 1534 1699 ad
1569 1642 1725 1699 filias
1760 1637 1890 1716 (aut
1926 1640 2180 1698 fortasse
2215 1640 2293 1698 ad
2330 1657 2599 1713 generos,
2634 1644 2689 1700 si
2726 1641 2929 1699 heredes

603 1728 916 1802 Polyeucti
979 1728 1160 1807 sunt).
1269 1731 1395 1791 Dos
1457 1732 1649 1802 igitur
1708 1730 1829 1788 illis
1892 1746 2011 1787 una
2072 1745 2201 1787 cum
2262 1728 2576 1803 Polyeucti
2640 1732 2930 1790 hereditate

607 1818 881 1891 obtingit,
927 1819 1028 1877 sed
1075 1836 1204 1877 cum
1249 1821 1448 1879 adhuc
1492 1820 1567 1877 de
1608 1819 1937 1877 hereditate
1981 1818 2301 1879 dividenda
2336 1819 2495 1876 inter
2528 1836 2596 1877 se
2632 1821 2932 1887 dissideant,

602 1909 744 1965 licet
785 1908 1120 1967 existimare
1165 1916 1434 1982 matrem
1477 1909 1541 1967 in
1586 1924 1695 1965 sua
1736 1908 2097 1981 possessione
2141 1907 2335 1965 dotem
2376 1909 2715 1983 retinuisse,
2748 1926 2854 1983 qua
2882 1907 2933 1963 de

610 1995 744 2053 dote
787 1997 1024 2068 generis
1069 1987 1350 2071 pecunlas
1394 2000 1484 2056 ita
1528 2004 1761 2055 mutuas
1806 1997 1985 2069 dedit,
2031 2001 2099 2054 ut
2140 1996 2204 2053 in
2237 1995 2547 2070 Polyeucti
2582 1998 2936 2058 hereditatem

607 2091 808 2144 essent
852 2085 1215 2148 referendae.

787 2174 932 2233 Veri
978 2182 1174 2233 autem
1227 2182 1318 2235 est
1363 2176 1613 2235 similius
1658 2175 1959 2233 mulierem
2004 2175 2309 2247 pecuniam
2344 2175 2662 2248 sumpsisse
2698 2192 2773 2233 ex
2804 2172 2937 2230 bonis

604 2262 927 2337 Polyeucti‚
991 2282 1126 2323 nam
1190 2265 1263 2324 de
1327 2267 1450 2325 eius
1512 2264 1843 2322 hereditate
1906 2264 1981 2320 lis
2045 2270 2251 2321 exorta
2306 2270 2423 2335 est3
2470 2262 2507 2339 ἕ
2559 2267 2617 2324 1.
2711 2262 2863 2334 Quod
2899 2261 2936 2316 si

606 2368 810 2410 verum
855 2357 962 2426 est,
1009 2370 1105 2411 res
1152 2354 1240 2413 ita
1283 2372 1348 2413 se
1392 2355 1637 2411 habent:
1685 2353 2039 2427 Polyeuctus
2084 2353 2400 2409 moriturus
2444 2358 2801 2411 testamento
2834 2367 2937 2408 con·

603 2442 818 2513 stituit,
863 2447 931 2499 ut
973 2458 1121 2501 uxor
1163 2444 1442 2501 bonorum
1485 2442 2049 2501 administrationem
2094 2446 2156 2499 et
2200 2457 2365 2499 usum
2401 2441 2659 2499 fructum
2704 2443 2934 2501 haberet.

605 2530 916 2589 Thalheim
961 2530 999 2589 l.
1047 2549 1118 2603 s.;
1167 2532 1322 2591 idem
1366 2527 1577 2593 R.-A.⁴=
1622 2549 1677 2604 p.
1719 2532 1802 2590 10
1840 2530 1973 2589 adn.
2015 2531 2079 2601 33
2127 2531 2435 2589 Matthias:
2474 2530 2707 2589 Urteile
2742 2528 2939 2601 griech.

603 2618 924 2677 Prosaiker
969 2667 982 2683 .
1031 2666 1045 2681 .
1093 2668 1108 2681 .
1154 2623 1299 2679 iiber
1354 2620 1448 2678 die
1495 2620 1769 2693 Stellung
1818 2620 1925 2678 der
1979 2620 2199 2690 griech.
2254 2620 2433 2691 Fran,
2487 2621 2551 2677 in
2606 2619 2819 2679 Jahrb.
2860 2618 2937 2674 fiir

604 2707 786 2767 klass.
833 2707 1045 2767 Philol.
1091 2711 1206 2773 vol.
1257 2713 1381 2768 147
1431 2704 1657 2787 (1893)
1702 2727 1758 2781 p.
1808 2710 1962 2780 273;
2021 2708 2395 2767 Balabanoff:
2450 2708 2936 2777 Geschaftsfahig·

603 2796 732 2854 keit
775 2796 881 2854 der
925 2798 1144 2869 griech.
1191 2800 1368 2859 Fran.
1460 2800 1616 2857 Diss.
1661 2798 1905 2869 Erlang.
1956 2799 2125 2857 1905
2175 2815 2229 2871 p.
2278 2800 2359 2858 33
2416 2797 2553 2857 adn.
2603 2801 2661 2858 1.
2754 2798 2940 2867 Quam·

601 2886 705 2943 diu
749 2894 946 2944 autem
990 2886 1218 2947 fructus
1261 2890 1476 2963 capiat,
1524 2886 1763 2946 difficile
1818 2892 1909 2945 est
1963 2885 2310 2945 diiudicatu:
2365 2886 2681 2944 Thalheim
2738 2886 2941 2945 censuit

603 2992 784 3047 usque
829 2975 905 3033 ad
940 2983 1200 3051 mortem,
1247 2994 1352 3036 nos
1395 2978 1512 3049 ipsi
1556 2976 1737 3035 donec
1772 2977 1925 3033 bona
1958 2977 2117 3033 inter
2152 2976 2306 3033 filias
2342 2980 2447 3032 aut
2480 2992 2733 3047 generos
2771 2975 2943 3033 divisa

601 3066 741 3124 sint.
832 3064 994 3134 Quae
1039 3068 1365 3125 sententiae
1409 3066 1600 3138 magis
1654 3064 1948 3139 differunt,
2003 3082 2175 3137 quam
2229 3065 2415 3138 primo
2469 3070 2716 3137 aspectu
2768 3070 2943 3139 putas,

601 3169 738 3209 nam
781 3152 835 3211 si
880 3170 1060 3227 usque
1106 3156 1181 3214 ad
1226 3163 1466 3213 mortem
1505 3156 1734 3212 fructus
1771 3155 2022 3227 percipit
2056 3159 2119 3211 et
2153 3154 2722 3212 administrationem
2756 3155 2941 3221 habet,

601 3258 700 3299 res
743 3241 926 3301 multo
972 3245 1162 3315 mag-is
1207 3246 1282 3303 ab
1328 3261 1436 3303 usu
1481 3244 1929 3302 Atheniensium
1974 3244 2277 3301 abhorret:
2322 3243 2494 3301 heres
2539 3242 2667 3301 fere
2722 3244 2946 3302 videtur

605 3330 801 3403 vidua,
847 3347 976 3389 eum
1020 3333 1274 3391 Athenis
1317 3349 1528 3391 uxores
1572 3333 1636 3389 in
1679 3332 2067 3392 hereditatem
2112 3348 2225 3390 non
2271 3332 2473 3390 vocari
2516 3338 2760 3394 constet.
2840 3331 2947 3401 Quo
3008 3397 3009 3400 Ἴ

785 3520 826 3587 ¹)
862 3518 1148 3574 Thalheim
1195 3519 1342 3575 aliud
1381 3526 1763 3589 argumentum
1802 3519 2013 3587 adfert,
2060 3536 2165 3587 quo
2210 3534 2332 3574 mea
2374 3516 2653 3575 serstentia
2688 3520 2837 3573 nihil
2873 3520 2951 3573 de-

601 3594 962 3645 monstratur:
1010 3591 1069 3645 in
1105 3596 1390 3663 γράμμασι
1428 3608 1462 3645 8
1499 3592 1725 3647 muliere
1778 3591 1985 3645 relictis
2022 3607 2130 3644 11011
2166 3592 2339 3645 80111111
2375 3591 2759 3657 inveniuntur,
2821 3604 2953 3657 quae

514 3656 525 3665 ’
601 3661 723 3729 ipsa
760 3662 938 3729 dedit,
985 3663 1082 3718 sed
1127 3665 1295 3719 etiam
1333 3679 1470 3731 quae
1507 3663 1839 3730 Polyeuctus
1876 3664 2103 3717 dederat
2141 3663 2193 3731 (ξ
2231 3665 2339 3729 22).
2416 3663 2588 3730 „War
2622 3662 2953 3731 Polyeuktos

598 3732 738 3787 noch
776 3705 938 3788 nicht,
968 3736 1304 3804 verstorben,
1341 3751 1398 3790 so
1435 3737 1593 3790 hatte
1631 3735 1721 3790 die
1756 3734 1902 3787 Frau
1940 3750 2043 3802 gar
2078 3735 2239 3787 keine
2275 3733 2715 3800 Veranlassung,
2770 3734 2959 3788 diesen

602 3805 806 3858 Posten
862 3807 919 3859 in
973 3806 1092 3859 ihre
1137 3807 1443 3876 Reehnung
1497 3807 1598 3859 mit
1654 3805 2099 3861 (111181111811111811.ιι
2176 3805 2280 3858 Sed
2332 3805 2460 3859 inde
2514 3805 2761 3872 sequitur
2799 3806 2958 3871 Poly-

597 3881 820 3929 euctum
857 3877 1005 3930 inter
1040 3877 1198 3931 vivos
1231 3894 1341 3931 11011
1377 3879 1546 3931 tuisse
1582 3882 1725 3941 tum,
1780 3892 1901 3930 cum
1956 3891 2139 3930 socrus
2194 3876 2469 3931 scribebat
2522 3881 2587 3929 τὰ
2640 3878 2958 3947 γράμματα,

601 3946 752 3999 1111110
789 3947 907 4001 11118
945 3948 1242 4016 colligitur,
1279 3950 1637 4016 Polyeuctum
1674 3954 1945 4002 mortuum
1982 3948 2163 4009 tuisse,
2204 3964 2324 4001 cum
2360 3948 2459 4000 illa
2483 3948 2741 4015 pecunias
2765 3948 2959 4001 dabat.

782 4018 826 4086 ²)
861 4034 970 4072 van
1025 4021 1132 4073 den
1185 4021 1261 4075 Es
1314 4036 1366 4088 p.
1413 4020 1508 4087 563
1566 4020 1850 4073 Caillemer
1904 4019 2049 4087 apud
2104 4019 2257 4073 Dar.-
2237 4018 2406 4087 &Sagl
2461 4035 2515 4075 v.
2570 4019 2667 4073 dos
2720 4035 2768 4085 p.
2824 4020 2958 4083 393;

601 4089 882 4144 Beauchet
935 4091 964 4143 Ι
1019 4092 1151 4157 312;
1224 4092 1586 4145 Schoemann-
1566 4089 1815 4158 -Lipsius
1868 4088 2097 4146 Altert.⁴
2133 4090 2163 4142 I
2198 4090 2302 4142 561
2362 4091 2558 4143 docent
2608 4097 2849 4144 matrem
2906 4089 2964 4141 in

601 4160 791 4215 mariti
845 4160 1092 4215 defuncti
1128 4163 1282 4216 domo
1319 4177 1599 4217 remanere
1634 4176 1808 4229 posse,
1862 4162 1911 4214 si
1965 4161 2123 4215 liberi
2162 4161 2282 4215 nati
2318 4167 2467 4228 sunt,
2520 4178 2631 4216 11011
2666 4162 2864 4227 80111111,
2916 4162 2961 4214 si

601 4228 706 4280 filii
741 4232 863 4284 nati
898 4238 1045 4298 sunt,
1082 4232 1139 4285 id
1176 4233 1316 4299 quod
1351 4240 1536 4287 monet
1573 4232 1745 4287 Meier
1780 4231 1908 4286 AP2
1944 4232 2164 4301 520121.
