3009 4859
1048 337 1493 395 -13-

108 522 306 589 putare
373 515 757 589 Polyeuctum
818 532 927 588 per
991 518 1409 572 testamentum
1474 513 1711 584 generis
1765 512 1919 571 filias
1977 517 2209 572 tantum
2265 513 2447 572 tradi-

106 606 271 678 disse,
315 622 430 662 non
474 605 654 675 bona3
701 604 788 661 ita
833 609 902 662 ut
932 635 1021 645 —
1050 602 1282 661 dotibus
1329 602 1587 674 exceptis
1619 633 1701 643 —
1732 601 1804 661 de
1850 602 2236 675 epiclerarum
2281 603 2449 661 bonis

106 696 176 752 lis
220 700 420 752 exorta
466 694 563 753 sit.
654 692 768 752 Sed
815 697 1095 765 quantum
1137 691 1309 751 video
1354 691 1503 749 nihil
1546 691 1759 763 obstat,
1806 708 1916 764 quo
1964 692 2153 750 minus
2198 692 2447 751 alteram

104 783 449 842 sententiam
490 799 596 855 pro
643 799 789 841 vera
835 783 1174 841 habeamus:
1221 796 1467 852 generos
1514 796 1641 837 esse
1688 779 1995 853 Polyeucti
2041 780 2307 844 heredes,

313 959 428 1019 Sed
473 960 600 1019 sive
664 960 772 1017 hoc
815 960 942 1018 sive
1004 957 1153 1017 illud
1207 958 1625 1031 acceperimus.
1693 950 2073 1039 ἐπιδικασία
2118 975 2291 1030 quam
2346 974 2445 1017 vo·
2462 954 2531 997 ΒΘ
2570 954 2643 996 ⁸⁷²
2630 953 2750 1050 ξὲξξα

103 1054 239 1107 cant
278 1055 450 1122 patre
494 1054 719 1107 mortuo
766 1048 1154 1106 hereditatem
1201 1047 1494 1106 addictam
1542 1062 1685 1119 esse,
1732 1048 2069 1120 priusquam
2107 1047 2253 1105 haec
2290 1047 2443 1107 actio
2490 1009 2666 1106 ‘⁷‘qu

104 1140 329 1196 intenta
373 1142 480 1209 est,
525 1138 668 1196 mihi
711 1138 1003 1209 persuasi3
1044 1142 1227 1209 atque
1273 1138 1326 1195 si
1369 1136 1524 1195 filias
1561 1152 1688 1193 esse
1727 1129 2121 1221 ἐπικλήρους
2155 1142 2446 1210 putamus,

104 1222 472 1307 ἐπιδικασία
531 1221 908 1311 ἐπικλήρου,
965 1226 1016 1284 81
1072 1242 1317 1298 generos
1371 1242 1497 1285 esse
1561 1224 1804 1283 heredes
1867 1241 2180 1299 661186111118,
2246 1220 2447 1287 ἐπιδι-

101 1317 295 1397 κασίᾳ
335 1312 595 1399 κλήρου.
685 1315 838 1373 Nam
884 1316 1000 1388 qui,
1046 1316 1162 1373 nisi
1205 1315 1362 1373 filins
1404 1313 1705 1385 legitimus
1752 1320 1857 1372 aut
1890 1314 2047 1373 filius
2083 1315 2244 1373 inter
2279 1315 2448 1373 vivos

100 1406 410 1478 adoptatus
457 1410 562 1476 est,
610 1404 999 1463 hereditatem
1045 1404 1303 1462 nancisci
1339 1402 1556 1475 studet,
1603 1404 1660 1461 ei
1697 1404 1771 1461 ab
1810 1404 2089 1461 archonte
2125 1403 2449 1463 addicenda

100 1501 211 1568 est,
251 1490 392 1552 AP²
426 1512 482 1568 p.
524 1494 678 1565 6053
726 1509 912 1566 neque
959 1493 1134 1552 aliter
1177 1492 1303 1551 filia
1347 1492 1712 1551 hereditaria
1756 1490 2147 1551 adiudicanda
2182 1497 2288 1565 est,
2325 1493 2365 1552 1.
2402 1510 2447 1551 s.

101 1602 156 1657 p.
196 1586 340 1643 616.
441 1581 505 1640 Si
559 1583 882 1655 complures
934 1584 1094 1641 inter
1146 1598 1209 1639 se
1263 1587 1499 1641 certant
1559 1582 1666 1653 ita,
1732 1586 1802 1640 nt
1862 1582 2019 1641 alter
2080 1584 2323 1641 meliora
2383 1598 2448 1641 se

99 1674 232 1730 iura
283 1673 498 1731 habere
554 1688 724 1745 quam
779 1671 1030 1730 alterum
1085 1671 1425 1745 contendat,
1480 1668 1848 1731 διαδικασία
1906 1671 2187 1729 exoritur.
2288 1670 2448 1740 Quae

98 1762 422 1820 referamus
467 1761 544 1819 ad
588 1762 739 1819 hanc
775 1761 1120 1819 orationem:
1177 1760 1458 1833 Litigant
1510 1760 1671 1819 inter
1724 1776 1787 1818 se
1842 1758 2090 1833 Spudias
2150 1765 2212 1818 et
2266 1765 2449 1829 actor,

98 1851 376 1922 quomodo
431 1850 738 1923 Polyeucti
791 1851 944 1907 bona
997 1849 1314 1909 dividenda
1366 1850 1504 1920 sint,
1570 1848 1672 1907 sed
1734 1849 1891 1907 inter
1954 1865 2017 1907 se
2080 1850 2449 1907 consentiunt

99 1941 385 1998 neminem
429 1939 821 1997 hereditatem
869 1936 997 2015 (aut
1041 1932 1221 2019 filias)
1266 1938 1380 1998 sibi
1425 1938 1729 1997 vindicare
1772 1954 1960 2012 posse,
2007 1938 2122 1995 nisi
2168 1954 2231 1997 86
2273 1939 2447 2010 ipsos.

97 2027 243 2086 Cum
286 2044 440 2086 nunc
485 2028 560 2085 ad
604 2027 825 2086 iudices
870 2028 1132 2099 veniant,
1177 2028 1319 2085 mihi
1355 2044 1470 2085 non
1510 2027 1745 2085 dubium
1788 2027 2042 2099 videtur,
2090 2027 2228 2099 quin
2272 2032 2449 2085 antea

95 2118 214 2175 iam
264 2118 346 2175 eis
390 2133 496 2189 per
541 2109 953 2177 ἐπιδικασίαν
999 2115 1299 2174 hereditas
1345 2110 1553 2196 (filiae)
1599 2115 1837 2173 addicta
1882 2117 1986 2186 sit,
2040 2132 2176 2173 nam
2230 2116 2280 2173 si
2334 2132 2449 2173 non

93 2207 188 2263 ita
235 2210 405 2276 esset,
450 2204 580 2261 fieri
624 2213 836 2277 posset,
882 2210 952 2261 ut
995 2204 1218 2262 iudices
1264 2205 1335 2262 de
1380 2204 1546 2261 bonis
1584 2204 1913 2263 dividendis
1950 2204 2299 2263 sententiam
2335 2203 2448 2261 fer-

89 2301 251 2363 rent,
298 2309 428 2349 cum
471 2293 578 2350 alii
622 2308 691 2351 ac
737 2294 836 2365 qui
890 2293 1042 2350 bona
1087 2291 1352 2351 dividere
1405 2291 1631 2351 vellent
1684 2293 1927 2352 meliora
1979 2293 2271 2351 haberent
2313 2294 2447 2351 iura

90 2388 281 2455 atque
329 2378 693 2462 διαδικασίᾳ
737 2382 1018 2439 instituta
1061 2382 1298 2439 irritum
1343 2380 1687 2455 redderent,
1744 2383 1894 2455 quod
1947 2382 2170 2441 iudices
2230 2382 2447 2456 discep⁴

96 2475 403 2530 taverant.
418 2466 468 2546 1)

315 2557 528 2631 Itaque
572 2558 870 2617 hereditas
907 2558 1147 2618 addicta
1181 2564 1291 2633 est,
1337 2560 1678 2632 priusquam
1723 2559 1795 2618 de
1832 2577 1905 2619 ea
1941 2559 2259 2619 dividenda
2295 2561 2448 2619 actio

95 2648 453 2709 instituitur,
551 2647 718 2707 Unde
772 2649 1141 2721 cognoscitur
1194 2650 1256 2706 in
1312 2641 1689 2730 ἐπιδικασία
1751 2649 1883 2721 ipsa
1936 2655 2167 2708 tantum
2221 2650 2320 2721 agi
2374 2649 2445 2709 de

95 2736 432 2796 hereditate
475 2736 878 2810 adiudicanda,
934 2754 1046 2795 non
1093 2736 1432 2810 dividenda,
1487 2739 1541 2796 si
1587 2739 1977 2810 compluribus
2040 2737 2241 2797 eodem
2300 2739 2448 2797 iuris

96 2826 274 2883 titulo
320 2826 473 2884 nixis
517 2825 826 2888 addicitur.
917 2826 1082 2896 Quod
1127 2844 1194 2886 60
1238 2828 1367 2885 veri
1421 2832 1514 2885 est
1556 2828 1821 2900 81111111118,
1878 2829 2016 2900 quia
2070 2844 2145 2885 ne
2201 2829 2263 2885 in
2318 2825 2449 2887 δια-

93 2913 361 2995 δικασίᾳ
420 2915 650 2987 quidem
713 2915 786 2975 de
849 2916 1046 2974 titulis
1105 2931 1482 2989 personarum
1552 2915 1931 2988 diiudicatur,
1998 2915 2102 2974 sed
2163 2917 2445 2987 partium3

94 3000 242 3059 Aps
281 3006 435 3075 611;
495 3002 863 3085 διαδικασίᾳ
913 3005 1084 3062 finita
1140 3005 1195 3062 ei
1240 3003 1340 3076 qui
1384 3004 1775 3062 hereditatem
1830 3010 2205 3079 acceperunt,
2261 3005 2448 3062 denuo

93 3092 342 3163 litigare
388 3092 620 3161 debent,
665 3094 717 3151 si
763 3093 834 3151 de
878 3094 1046 3151 bonis
1091 3093 1420 3153 dividendis
1454 3094 1613 3152 inter
1650 3110 1711 3151 86
1747 3093 2116 3153 dissentiunt.
2182 3093 2256 3155 cf.
2293 3093 2449 3152 Bun-

92 3197 200 3238 sen
250 3181 322 3239 de
357 3181 485 3239 iure
521 3182 720 3241 hered.
749 3182 964 3243 Athen.
1000 3176 1228 3263 (1813)
1249 3200 1302 3255 p.
1326 3184 1429 3255 84,
1482 3182 1812 3258 „acquisita
1854 3184 1971 3241 rite
2006 3183 2351 3254 hereditate,
2399 3184 2449 3241 si

91 3270 299 3352 plures
346 3277 542 3329 essent
595 3270 854 3342 heredes,
906 3271 1150 3343 partitio
1206 3272 1683 3332 instituebatur.“
1785 3271 1951 3343 Quod
2006 3288 2147 3330 vere
2204 3272 2266 3329 in
2322 3288 2449 3330 ora-

89 3359 260 3417 tione
306 3364 509 3417 nostra
552 3360 802 3431 legimus
847 3360 1196 3419 hereditatis
1237 3362 1392 3419 bona
1438 3377 1563 3420 esse
1608 3360 1962 3419 conferenda
2000 3362 2071 3419 ab
2110 3366 2307 3419 actore
2345 3368 2451 3419 aut

85 3464 129 3506 a
167 3447 396 3521 Spudia
433 3446 532 3525 (ἓὲ
574 3451 674 3523 10,
717 3451 814 3521 11,
859 3443 966 3529 20)
1012 3466 1201 3521 neque
1245 3450 1363 3507 iam
1410 3451 1643 3509 conlata
1688 3467 1830 3521 esse,
1878 3467 1983 3510 1108
2027 3466 2143 3508 11011
2186 3451 2447 3524 impedit,

83 3554 206 3609 quo
267 3538 460 3595 minus
524 3553 858 3597 censeamus
921 3537 1310 3597 hereditatem
1374 3539 1491 3596 iam
1556 3539 1849 3597 addictam
1916 3556 2257 3611 6886116111
2322 3556 2448 3598 611111

79 3626 310 3697 generi
356 3642 484 3684 eam
527 3631 813 3700 peterent,
863 3627 1159 3685 archontis
1205 3644 1318 3685 non
1365 3639 1519 3699 erat,
1580 3627 1904 3700 disquirere
1950 3644 2099 3699 quae
2145 3633 2339 3686 essent
2385 3628 2449 3685 in

82 3714 410 3788 Polyeucti
453 3717 620 3774 bonis
664 3716 1038 3788 numeranda,
1087 3715 1191 3773 sed
1235 3721 1496 3774 statuere
1542 3717 1827 3773 neminem
1882 3717 2007 3774 61118
2060 3716 2447 3776 hereditatem

75 3809 299 3877 petere
363 3804 480 3861 11181
541 3822 786 3876 generos
849 3805 1005 3877 illos3
1072 3805 1142 3862 de
1199 3804 1654 3863 dissensionibus
1710 3806 1879 3876 enim,
1937 3821 2085 3876 quae
2139 3805 2298 3863 inter
2353 3821 2449 3863 608

281 3976 322 4043 ¹)
361 3975 527 4030 etiam
563 3977 704 4030 bona
739 3974 926 4045 (filiae)
963 3975 1279 4029 adiudicata
1317 3974 1384 4028 ab
1423 3974 1597 4029 altero
1634 3974 1749 4043 peti
1784 3982 2037 4043 possunt,
2075 3975 2173 4030 sed
2210 3976 2447 4030 διαδικα-

69 4052 208 4112 σία,
261 4062 400 4113 quae
440 4048 712 4116 exoritur,
757 4046 895 4101 satis
939 4048 1008 4102 ab
1054 4046 1152 4100 illa
1198 4046 1403 4100 differt:
1443 4046 1707 4113 imprimis
1744 4046 1815 4113 is,
1870 4045 1963 4112 qui
1998 4047 2140 4101 bona
2175 4047 2319 4115 petit
2358 4048 2448 4101 ad-

67 4119 358 4183 iudicata,
412 4119 584 4174 multo
641 4118 909 4172 deteriore
956 4118 1265 4173 conditione
1312 4117 1494 4172 utitur
1541 4134 1698 4185 quam
1744 4118 1809 4184 is,
1867 4120 1960 4185 qui
2015 4120 2157 4172 bona
2212 4117 2448 4200 nondum

67 4190 322 4244 addicta
355 4190 514 4257 petit.
591 4190 659 4245 cf.
679 4190 930 4243 AP²612
950 4206 1063 4257 sqq.
1100 4220 1169 4227 —
1208 4190 1356 4255 Quae
1392 4204 1551 4257 porro
1590 4195 1928 4257 exponentur
1964 4190 2031 4244 de
2068 4190 2263 4261 κλήρῳ,
2302 4188 2450 4243 simi·

55 4262 221 4317 liter
257 4261 540 4330 pertinent
576 4262 644 4314 ad
682 4259 988 4333 ἐπίκληρον.

194 4367 276 4407 Bu
287 4365 436 4419 rgkh
449 4366 602 4419 ardt,
632 4366 796 4408 Desmo
802 4366 863 4407 th.
895 4378 958 4409 or.
990 4366 1095 4409 a.dv
1127 4364 1350 4418 Spudiam.
1985 4353 2018 4401 ‘2
