3009 4859
1576 298 2023 356 -10-

628 482 878 549 utraque
923 474 1226 533 dimidium
1267 476 1547 532 bonorum
1590 474 1783 546 patris
1824 474 2061 534 habeat.
2124 473 2291 544 Quod
2326 490 2469 533 vero
2506 475 2665 532 bona
2702 476 2933 548 epiclerae

629 582 744 623 non
791 565 964 638 plane
1007 565 1070 622 in
1117 564 1242 622 eius
1285 563 1703 636 possessionem
1736 564 1997 637 veniant,
2042 562 2147 621 sed
2180 563 2399 621 eisdem
2434 563 2673 635 leg-ibus
2728 571 2931 622 utantur.

632 654 842 725 quibus
887 652 1068 725 dotes,
1111 660 1426 727 propterea
1467 652 1583 709 bac
1624 652 1689 709 in
1732 653 1997 709 oratione
2040 652 2237 710 omnia
2278 653 2435 710 bona
2468 669 2575 724 pro
2612 655 2789 711 bonis
2824 654 2931 710 dota·

627 743 784 800 libus
845 741 1114 801 habenda
1177 758 1330 799 esse:
1395 742 1599 813 itaque
1662 738 1849 823 δίκην
1910 744 2183 821 προικός
2228 757 2357 799 esse
2410 742 2727 803 intentam.
2828 744 2929 813 Qu&

635 831 930 889 sententia
984 836 1198 903 argute
1253 830 1619 901 excogitata,
1674 829 1779 888 sed
1830 830 2237 903 impugnanda
2286 830 2429 888 mihi
2484 830 2749 891 videtur.
2836 831 2929 888 Na:

625 921 877 993 primum
920 919 1208 993 epiclerae
1233 921 1388 977 bona
1411 919 1567 977 dotis
1600 920 1834 976 nomine
1875 918 2167 993 appellari
2200 934 2315 977 non
2350 926 2611 991 possunt,
2660 921 2807 991 quia
2832 922 2931 977 sini·

627 1008 783 1067 libus
827 1009 1260 1068 condicionibus
1311 1014 1576 1079 utuntur,
1634 1024 1745 1065 non
1798 1007 2017 1065 eisdem
2064 1005 2165 1085 (cf.
2200 1024 2257 1081 p.
2300 1012 2331 1065 1
2345 1002 2437 1087 1);
2494 1008 2707 1065 deinde
2760 1009 2871 1067 hac
2904 1012 2931 1067 i:

629 1100 893 1155 oratione
939 1099 1090 1156 bona
1135 1096 1418 1169 quaedam
1463 1114 1502 1153 a
1540 1098 1757 1154 ceteris
1790 1096 2149 1168 seiungenda
2186 1096 2351 1154 dotes
2388 1103 2698 1172 vocantur,
2744 1116 2931 1170 quom

630 1203 830 1249 causa,
852 1187 914 1245 in
958 1186 1164 1258 primis
1197 1186 1275 1243 lis
1309 1186 1543 1244 intenta
1578 1192 1671 1244 est
1706 1192 1769 1243 et
1804 1186 2057 1243 orationi
2090 1186 2439 1258 inscriptum
2476 1182 2647 1266 ὑπὲρ
2686 1192 2931 1267 προικός.

631 1276 880 1348 denique
926 1290 1253 1347 caveamus,
1299 1291 1373 1333 ne
1419 1292 1492 1333 ex
1536 1276 1669 1347 ipsa
1712 1275 1995 1332 orationis
2038 1274 2419 1347 inscriptione
2474 1275 2791 1347 quiequam
2838 1278 2931 1334 effi-²„

629 1380 799 1437 posse
841 1370 1112 1437 putemus
1167 1363 1238 1422 de
1282 1379 1498 1435 genere
1554 1364 1805 1421 actionis
1856 1362 2193 1421 institutae:
2259 1361 2449 1444 δίκην
2502 1368 2782 1444 προικός
2838 1367 2931 1423 enin

627 1454 704 1511 ab
748 1459 948 1511 actore
993 1460 1152 1511 certe
1197 1453 1486 1510 intentam
1531 1468 1647 1509 non
1690 1468 1819 1510 esse
1852 1453 2015 1510 infra
2048 1453 2225 1526 plane
2259 1453 2597 1528 apparebit3
2652 1453 2732 1511 cf.
2788 1472 2847 1527 p,
2878 1458 2933 1511 44

629 1541 752 1599 Hac
804 1543 992 1614 igitur
1045 1543 1146 1600 via
1207 1558 1322 1599 uon
1383 1542 1773 1613 cognoscitur,
1838 1546 2037 1599 utrum
2098 1541 2259 1599 filiae
2312 1542 2436 1599 sint
2490 1536 2847 1623 ἐπίκληροι
2898 1559 2936 1615 a:

632 1632 838 1703 generi
882 1631 1192 1703 Polyeucti
1236 1630 1499 1688 heredes.
1589 1628 1705 1687 Sed
1740 1630 1935 1689 aliane
1980 1631 2043 1687 in
2088 1631 2355 1688 oratioue
2400 1630 2815 1705 inveniuntur,
2867 1634 2936 1703 qui-

627 1721 736 1778 bus
787 1721 902 1779 nisi
948 1721 1098 1778 hanc
1153 1720 1549 1792 quaestionem
1602 1717 1937 1777 solvamus?
2026 1718 2353 1791 Fingamus
2404 1720 2507 1790 agi
2560 1720 2635 1777 de
2690 1721 2936 1793 epieleris:

625 1810 802 1867 rebus
845 1811 1180 1867 accuratius
1225 1809 1569 1867 deliberatis
1612 1808 1687 1866 lis
1730 1824 1845 1866 non
1906 1813 2000 1866 est
2052 1808 2212 1865 inter
2266 1806 2545 1881 Spudiam
2600 1813 2665 1866 et
2712 1816 2936 1877 actorem

627 1898 730 1956 sed
774 1900 932 1956 inter
977 1914 1176 1955 eorum
1221 1914 1446 1958 uxores.
2935 1914 2936 1971 j

808 1986 974 2057 Quod
1018 2004 1160 2045 vero
1203 1988 1414 2045 mulier
1455 1987 1587 2058 ipsa
1631 1985 1709 2043 ad
1752 1985 1975 2043 iudices
2018 1986 2223 2043 venire
2268 2001 2384 2043 non
2427 1990 2639 2058 potest,
2700 1988 2815 2044 sed
2868 1989 2937 2061 eiu

629 2092 726 2134 res
771 2093 810 2134 a
853 2076 1056 2156 κυρίῳ
1119 2069 1408 2156 (mulieris
1470 2070 1789 2133 collocatae
1844 2091 1883 2132 a
1934 2068 2173 2153 marito)
2226 2076 2291 2131 in
2342 2074 2555 2132 iudicio
2608 2076 2937 2157 suscipiendi

629 2171 736 2238 est,
751 2160 802 2245 ¹)
845 2165 998 2223 nihil
1043 2165 1118 2223 ad
1162 2166 1316 2223 hanc
1360 2164 1759 2237 quaestionem
1804 2163 2238 2222 diiudicandam
2274 2162 2413 2221 inde
2448 2164 2797 2237 accipimus,
2846 2158 2937 2239 quoi

623 2255 824 2313 mariti
877 2270 1104 2327 semper
1156 2254 1272 2327 ipsi
1325 2254 1435 2311 sibi
1499 2270 1737 2311 causam
1790 2269 1970 2325 agere
2024 2252 2327 2324 videntur,
2390 2268 2526 2309 nam
2588 2253 2723 2311 fieri
2796 2260 2937 2312 tamen

628 2349 839 2416 potest,
883 2349 952 2400 ut
995 2359 1204 2401 uxores
1249 2343 1372 2401 sint
1417 2336 1785 2422 ἐπίκληροι;
1834 2342 1908 2400 cf.
1946 2359 1995 2401 e.
2034 2359 2093 2414 g.
2131 2340 2169 2417 ἓ
2210 2344 2275 2399 1:
2324 2336 2777 2419 ἀναγκάζομαι
2828 2334 2937 2421 πρὸ.ἱ

629 2440 868 2492 τοῦτον
913 2428 1306 2502 δικάζεσθαι.

844 2521 1046 2593 Neque
1091 2521 1312 2593 dubito,
1360 2520 1500 2592 quin
1547 2520 1669 2578 alia
1714 2525 2063 2591 argumenta
2104 2519 2279 2577 huius
2322 2519 2479 2576 modi
2522 2519 2677 2576 nihil
2712 2520 2934 2579 valeant

627 2610 731 2669 sed
775 2609 1030 2668 fortasse
1076 2627 1148 2667 ex
1194 2611 1280 2667 eis
1327 2611 1519 2681 rebus,
1563 2614 1807 2682 propter
1861 2623 2007 2680 quas
2062 2624 2241 2667 causa
2294 2608 2515 2680 agitur,
2570 2616 2935 2680 argumentm

629 2698 840 2758 ducere
883 2714 1201 2771 possumus.

839 2788 1104 2861 Utraque
1149 2788 1302 2845 enim
1353 2786 1480 2843 filia
1523 2784 1835 2857 Polyeucti
1880 2800 1917 2841 a
1957 2790 2131 2856 patre
2186 2784 2379 2841 dotem
2434 2786 2681 2857 accepit,
2742 2804 2869 2858 qua
2914 2784 2934 2839 ἀ

624 2894 690 2935 re
735 2893 901 2935 nemo
947 2878 1198 2948 dubitet,
1252 2892 1388 2932 nam
1440 2874 1514 2931 de
1568 2873 1727 2930 hisce
1792 2872 2023 2931 dotibus
2084 2874 2369 2946 imprimis
2430 2874 2507 2931 lis
2568 2875 2821 2933 intenta
2882 2884 2935 2931 es

623 2966 830 3025 Nonne
874 2966 1010 3024 inde
1056 2964 1446 3038 colligendum
1494 2967 1601 3033 est,
1646 2962 1956 3035 Polyeucti
1990 2958 2294 3021 filias'non
2330 2977 2457 3021 esse
2493 2963 2817 3036 epicleras,
2864 2978 2935 3021 cm

623 3062 893 3114 constare
937 3055 1216 3114 videatur
1260 3053 1547 3125 epicleras
1584 3050 1747 3108 dotes
1790 3069 1907 3109 non
1950 3049 2251 3125 accipere?

839 3142 954 3203 Sed
1000 3145 1108 3202 hoc
1151 3143 1298 3200 mihi
1341 3141 1627 3214 copiosius
1672 3146 1763 3198 est
1809 3140 2331 3198 demonstrandum.
2405 3138 2589 3212 Bona,
2634 3156 2800 3212 quae
2848 3138 2935 3197 aec

621 3235 792 3307 piunt
837 3234 1144 3308 epiclerae‚
1190 3231 1356 3289 bonis
1403 3229 1697 3287 dotalibus
1756 3230 1905 3287 satis
1960 3246 2087 3287 esse
2140 3229 2358 3287 similia
2410 3243 2593 3301 supra
2644 3244 2935 3287 commem

622 3324 910 3382 ravimus:
957 3331 1026 3379 ut
1072 3321 1254 3392 dotes,
1300 3321 1390 3377 ita
1433 3320 1581 3376 haec
1626 3319 1781 3376 bona
1821 3320 1886 3376 in
1928 3318 2288 3391 possessione
2332 3318 2596 3375 mulieris
2642 3324 2815 3391 sunt,
2868 3332 2935 3374 cu

623 3412 880 3468 maritus
924 3411 1142 3469 habeat
1188 3425 1352 3467 usum
1397 3410 1671 3465 fructum.
1742 3407 1877 3466 Una
1913 3412 2109 3465 autem
2153 3408 2215 3465 in
2260 3422 2327 3463 re
2370 3406 2531 3465 inter
2566 3422 2629 3464 se
2670 3406 2935 3464 differun¹

624 3501 675 3558 si
723 3499 880 3557 filius
926 3517 997 3557 ex
1041 3499 1412 3557 matrimonio
1459 3493 1815 3581 ἐπικλήρου
1863 3502 2037 3554 natus
2073 3494 2349 3565 adolevit,
2376 3483 2548 3552 'bona
2582 3496 2811 3553 matris
2851 3510 2935 3553 acc

622 3594 727 3663 pit,
775 3589 878 3647 dos
925 3587 1077 3661 apud
1123 3594 1369 3646 matrem
1421 3592 1705 3658 remanet,
1759 3586 2032 3659 quamdiu
2094 3585 2342 3642 maritus
2402 3584 2567 3641 inter
2627 3584 2825 3644 vivos
2892 3600 2933 3641 es

621 3674 780 3739 ΑΡ.2
813 3681 937 3738 615
970 3683 1031 3736 et
1063 3678 1218 3755 520;
1265 3676 1567 3735 Beauchet
1601 3676 1650 3749 Ι,
1692 3679 1837 3737 260.
1928 3674 2095 3733 Unde
2141 3689 2308 3731 nemo
2354 3672 2601 3745 colligat
2646 3675 2932 3745 epiclera

620 3785 734 3826 non
779 3768 962 3825 solum
1015 3768 1170 3824 bona
1221 3767 1412 3840 patris
1467 3766 1787 3838 accepisse,
1844 3764 1947 3822 sed
2002 3764 2182 3821 etiam
2236 3760 2445 3833 dotem,
2502 3777 2575 3819 ne
2629 3762 2825 3821 bonis
2882 3762 2933 3820 fi]

621 3857 860 3915 traditis
905 3858 1037 3930 ipsa
1081 3857 1286 3929 opibus
1331 3856 1504 3928 plane
1550 3860 1804 3925 careret3
1850 3869 1986 3911 nam
2024 3852 2133 3910 filii
2168 3855 2261 3909 est
2296 3850 2463 3907 bonis
2501 3852 2779 3923 acceptis
2821 3856 2933 3909 mai

801 4081 840 4150 1)
880 4082 1022 4149 apud
1069 4081 1276 4135 iudices
1319 4080 1516 4135 mulier
1559 4096 1645 4136 res
1691 4079 1815 4148 agit
1861 4079 1968 4132 διὰ
2012 4079 2216 4147 κυρίου.
2300 4074 2371 4130 cf.
2408 4074 2693 4127 Beauchet
2744 4076 2837 4145 H,
2882 4074 2933 4129 33

619 4152 857 4220 Leopold
895 4155 1161 4223 Wenger:
1201 4153 1304 4208 Die
1339 4153 1807 4220 Stellvertretung
1842 4150 1915 4203 im
1952 4148 2161 4203 Rechte
2198 4147 2295 4201 der
2328 4146 2531 4214 Papyri
2568 4144 2775 4216 (1906)
2820 4165 2881 4215 p.
2902 4150 2929 4200 1

621 4230 763 4278 text.
803 4230 860 4278 et
895 4226 1019 4281 adn.
1058 4227 1117 4293 23
1157 4225 1304 4279 infra
1339 4243 1392 4295 p.
1429 4225 1516 4277 37.
