3009 4859
1578 332 2021 390 —43-

613 512 804 569 minae
865 526 972 583 pro
1037 508 1202 567 donis
1264 509 1645 567 muliebribus
1708 507 1933 565 solutae
1993 524 2101 581 per
2164 508 2419 566 arbitros
2490 508 2762 567 addictae
2830 516 2951 567 sunt

613 599 912 669 Leocrati3
959 598 1034 659 cf.
1079 596 1153 674 ἐξ
1200 600 1259 670 4,
1311 600 1412 669 28,
1454 601 1555 658 27.
1620 597 1858 655 Μ11111110
1886 602 2083 655 autem
2112 604 2315 656 nostra
2342 598 2637 655 sententia
2666 603 2806 655 tunc
2834 616 2958 670 age-

614 690 793 747 batur
829 690 902 746 de
941 688 1246 745 Leocratis
1293 687 1446 764 dote,
1493 688 1643 760 quod
1688 687 2019 758 suspicatus
2066 693 2158 743 est
2201 686 2527 759 Thalheim,
2573 692 2641 744 ut
2686 686 2793 745 hoc
2837 704 2955 760 quo·

616 794 728 849 que
762 778 927 835 modo
964 777 1394 835 demonstraret
1424 776 1646 833 iniuria
1681 791 1915 833 uxorem
1952 775 2226 833 Leocrati
2265 792 2392 833 esse
2430 781 2716 848 ereptam;
2756 776 2949 848 Progr.

620 868 810 937 1894,
856 884 911 939 p.
962 869 1071 925 10:
1127 864 1204 942 „J
1207 864 1492 923 edenfalls
1542 865 1721 922 erhob
1765 863 2091 922 Leokrates
2137 881 2330 936 gegen
2376 864 2627 936 Spudias
2689 865 2802 923 deu
2846 867 2947 923 An-

613 956 829 1029 spruch
892 954 999 1012 auf
1039 954 1427 1027 Herausgabe
1490 955 1595 1012 der
1657 970 1771 1011 von
1826 953 2183 1027 Polyeuktos
2245 954 2368 1011 ihm
2430 960 2794 1026 entzogenen
2854 955 2959 1011 und

607 1044 803 1118 jenem
866 1045 1207 1116 gegebenen
1253 1043 1485 1116 Mitgift
1531 1036 1593 1121 (ξ
1644 1036 1772 1122 28).
1863 1042 2007 1101 Dies
2068 1043 2289 1101 konnte
2354 1059 2419 1100 er
2482 1060 2610 1116 nur,
2676 1060 2845 1103 wenn
2906 1061 2959 1101 er

615 1133 710 1192 die
746 1132 1286 1204 Rechtmassigkeit
1319 1131 1426 1191 der
1461 1132 1785 1204 Trennung
1821 1132 2014 1189 seiuer
2047 1130 2175 1189 Ehe
2210 1133 2515 1203 bestritt;“
2560 1132 2687 1192 sim.
2727 1132 2958 1190 Dareste

613 1223 691 1294 pl.
738 1222 848 1281 civ.
901 1223 1044 1281 153.
1135 1220 1338 1294 Neque
1382 1238 1524 1280 vero
1569 1220 1697 1280 veri
1762 1226 1853 1278 est
1913 1220 2105 1278 simile
2148 1220 2494 1278 Leocratem
2558 1221 2755 1279 dotem
2817 1238 2957 1279 acce-

613 1311 768 1383 pisse
804 1327 988 1385 neque
1035 1328 1106 1369 ex
1151 1308 1187 1385 §
1227 1312 1310 1370 28
1357 1327 1486 1368 eum
1524 1309 1717 1369 dotem
1762 1310 2111 1382 repetivisse
2156 1311 2542 1381 cognoscitur.
2615 1309 2733 1368 Sed
2778 1326 2958 1367 conce-

611 1400 818 1458 damus
864 1401 1054 1458 dotem
1101 1416 1228 1458 esse
1291 1400 1490 1457 datam
1545 1405 1606 1457 et
1660 1398 2093 1457 matrimonium
2148 1416 2185 1456 a
2236 1399 2554 1473 Polyeucto
2616 1399 2835 1457 iniuria
2884 1415 2956 1455 so-

611 1489 825 1549 lutum:
871 1506 944 1547 ne
989 1489 1074 1546 sic
1119 1488 1350 1561 quidem
1413 1488 1565 1561 quod
1599 1488 1910 1546 Thalheim
1971 1487 2109 1546 inde
2154 1488 2384 1560 colligit
2436 1489 2777 1562 probamus:
2834 1504 2947 1544 nam

613 1577 930 1635 Leocrates
976 1577 1166 1635 dotem
1210 1583 1478 1651 repetere
1526 1594 1639 1635 11011
1684 1583 1932 1650 poterat,
1979 1577 2093 1634 uisi
2138 1579 2367 1636 actione
2410 1578 2694 1636 instituta
2730 1594 2945 1635 uxorem

610 1682 838 1739 quoque
898 1667 1254 1746 reposcebat,
1321 1667 1460 1739 quia
1524 1665 1626 1723 dos
1690 1682 1818 1723 cum
1882 1666 2123 1724 muliere
2185 1667 2353 1739 quasi
2422 1668 2734 1724 coniuncta
2796 1659 2947 1742 est.¹)

615 1755 866 1814 Uxorem
912 1761 1105 1813 autem
1151 1772 1281 1813 eum
1325 1772 1439 1813 11011
1484 1755 1837 1827 repetivisse
1882 1759 2145 1828 apparet.

793 1844 952 1915 Ergo
996 1846 1207 1917 nesci0,
1254 1847 1353 1916 qui
1396 1846 1564 1901 nobis
1608 1846 1929 1915 contingat,
1973 1852 2043 1901 ut
2094 1843 2551 1901 demonstremus
2596 1844 2951 1919 Polyeuctum

608 1934 834 1990 iniuria
875 1933 1056 1991 filiam
1109 1935 1321 1990 marito
1386 1932 1727 1991 detraxisse.
1819 1931 1947 1990 Hac
2008 1934 2113 1991 via
2174 1934 2335 1990 viros
2398 1933 2593 1991 doctos
2640 1934 2843 1992 Hruza
2898 1937 2947 1989 et

614 2021 916 2079 Beaucbet
957 2022 1302 2095 impugnare
1349 2024 1667 2094 nequimuS,
1713 2022 1817 2080 sed
1862 2022 2015 2079 aliae
2057 2026 2263 2095 patere
2309 2021 2610 2080 videntur:

791 2112 937 2169 Rem
983 2111 1342 2183 singularem
1387 2111 1496 2170 hoc
1539 2112 1663 2169 loco
1708 2112 1982 2182 inveniri,
2029 2110 2179 2182 quod
2228 2116 2443 2183 agatur
2489 2127 2601 2169 non
2660 2113 2841 2169 solum
2889 2110 2947 2167 de

613 2200 871 2259 divortio
915 2199 1089 2274 facte,
1136 2200 1240 2258 sed
1285 2202 1464 2258 etiam
1511 2199 1581 2258 de
1627 2200 1937 2273 adoptione
1972 2200 2165 2257 soluta
2218 2207 2453 2258 mouent
2496 2199 2756 2272 Lipsius,
2801 2198 2950 2257 Thal-

615 2290 788 2361 beim,
833 2289 1065 2363 Hitzig,
1110 2289 1465 2348 Balabanoff
1503 2290 1566 2351 11.
1612 2306 1686 2349 ss.
1780 2288 2067 2359 Quomodo
2114 2289 2259 2347 haec
2302 2290 2459 2347 inter
2501 2305 2565 2348 se
2612 2286 2948 2347 cohaerent?

615 2377 682 2435 In
722 2394 955 2436 censum
994 2379 1161 2437 venit
1192 2379 1290 2436 lex
1326 2379 1560 2451 saepius
1595 2379 1715 2435 iam
1752 2383 2219 2435 commemorata:
2256 2383 2443 2450 pater,
2480 2379 2577 2436 cui
2612 2383 2756 2436 sunt
2788 2378 2947 2445 filiae,
2979 2426 2980 2429 ,

613 2484 728 2524 11011
772 2467 898 2541 filii,
945 2466 1223 2541 adoptare
1265 2483 1384 2537 ,non
1420 2471 1615 2540 potest
1658 2468 1775 2526 nisi
1808 2468 1913 2540 ita,
1951 2472 2019 2524 ut
2053 2482 2227 2525 unam
2264 2482 2335 2523 ex
2370 2467 2603 2525 filiabus
2638 2467 2761 2525 fflio
2798 2466 2950 2536 adop·
2979 2492 2980 2515 2

614 2560 739 2613 tato
784 2558 845 2613 111
890 2555 1322 2613 matrimonium
1366 2555 1481 2616 det.
1544 2555 1859 2614 Leocrates
1904 2555 2095 2627 igitur
2137 2555 2445 2629 Polyeucti
2488 2555 2669 2613 filiam
2710 2556 2947 2623 duxerat,

612 2644 767 2716 quod
808 2645 972 2702 illius
1014 2645 1172 2702 filius
1219 2645 1531 2717 adoptivus
1576 2650 1722 2705 erat.
1812 2645 2146 2717 Videamus,
2195 2643 2335 2717 quid
2388 2645 2525 2702 inde
2580 2644 2980 2718 colligendum}

613 2734 720 2790 sit:
787 2732 1021 2806 adoptio
1084 2738 1146 2791 et
1206 2733 1639 2791 matrimonium
1700 2734 1893 2791 soluta
1954 2738 2110 2805 sunt,
2176 2738 2373 2791 utrum
2434 2734 2599 2806 prius
2662 2736 2949 2802 nescimus;

614 2821 898 2881 faciamus
945 2821 1333 2895 adoptionem:
2979 2878 2980 2895 2

791 2910 853 2970 Si
902 2913 1133 2985 adoptio
1179 2912 1375 2971 soluta
1419 2916 1527 2983 est,
1574 2928 1678 2985 per
1724 2926 1786 2968 se
1850 2911 2279 2969 matrimonium
2346 2911 2498 2971 solvi
2562 2928 2797 2970 necesse
2854 2912 2980 2979 non}

610 3006 729 3059 est:
775 3001 873 3059 lex
918 3017 1031 3058 non
1076 3002 1350 3073 laeditur,
1397 3002 1450 3058 si
1493 3000 1620 3058 filia
1663 3005 1927 3058 remanet
1964 3000 2119 3073 apud
2166 3000 2459 3073 maritum,
2498 3001 2597 3072 qui
2632 3001 2752 3059 iam
2786 3000 2980 3057 1111101·ἶ

609 3089 928 3162 adoptivus
973 3107 1088 3147 non
1133 3095 1248 3162 est;
1297 3090 1401 3148 sed
1444 3089 1621 3147 facile
1656 3089 1783 3147 fieri
1830 3090 2037 3162 potuit,
2096 3094 2162 3145 ut
2214 3090 2610 3148 Athenienses
2667 3090 2980 3163 adoptione

609 3177 808 3237 soluta
852 3181 1282 3237 matrimonium
1331 3195 1556 3251 quoque
1601 3179 1830 3237 solvere
1878 3183 2295 3250 assuescerent,
2342 3180 2431 3235 ita
2474 3183 2543 3236 ut
2596 3182 2789 3237 omnia
2838 3180 2980 3235 iura

609 3274 677 3325 et
721 3268 929 3340 officia,
977 3284 1124 3339 quae
1173 3267 1482 3340 adoptione
1528 3271 1826 3324 contracta
1872 3268 2197 3339 subierant,
2242 3267 2353 3324 illa
2407 3268 2600 3325 soluta
2656 3269 2980 3343 abolerent„

612 3356 738 3417 ΑΡ.
755 3352 780 3389 2
829 3358 976 3416 548.
2979 3352 2980 3379 ³

795 3462 935 3533 Quis
979 3478 1120 3520 vero
1166 3461 1274 3519 hoc
1316 3463 1439 3520 1000
1487 3461 1783 3534 adoptioni
1826 3462 1998 3519 finem
2042 3460 2365 3533 imposuit?

798 3572 854 3629 1.
900 3568 1156 3641 Adoptio
1201 3570 1265 3625 in
1308 3569 1648 3626 universum
1711 3586 1826 3626 non
1890 3569 2156 3641 solvitur,
2201 3569 2319 3625 nisi
2381 3569 2541 3627 111101·
2605 3584 2670 3626 se
2734 3582 2980 3637 consen·¹

614 3658 774 3717 tiunt
818 3662 879 3716 et
921 3663 1092 3731 pater
1137 3658 1447 3731 adoptivus
1493 3662 1556 3715 et
1599 3657 1754 3715 filius
1800 3656 2127 3731 adoptatus.
2216 3657 2428 3730 Itaque
2474 3659 2546 3731 ei,
2594 3657 2693 3729 qui
2738 3657 2980 3717 censent}

614 3748 932 3823 Polyeucto
979 3750 1317 3806 convenisse
1364 3764 1491 3805 cum
1537 3745 1823 3805 Leocrate
1862 3746 1933 3804 de
1970 3747 2281 3818 adoptione
2316 3747 2577 3805 tollenda
2614 3751 2751 3819 apte
2787 3746 2980 3803 locum?

612 3838 702 3895 ita
746 3838 1129 3910 interpretari
1173 3836 1476 3895 videntur:
1527 3837 1599 3894 de
1645 3835 1952 3908 adoptione
1998 3836 2275 3893 solvenda
2322 3837 2480 3893 inter
2514 3836 2646 3893 illos
2682 3826 2980 3899 convenit,

796 4044 836 4107 ¹)
876 4044 1057 4096 dotem
1117 4043 1285 4097 etiam
1339 4044 1387 4096 is
1442 4042 1670 4096 reddere
1725 4043 1911 4107 debet,
1967 4041 2063 4109 qui
2096 4042 2305 4096 invitus
2342 4057 2375 4094 a
2412 4042 2645 4109 coniuge
2683 4038 2955 4097 deseritur,

610 4115 744 4184 quin
783 4113 977 4168 etiam:
1035 4129 1104 4167 ne
1162 4115 1304 4182 apud
1352 4130 1475 4168 eum
1522 4115 1736 4181 quidem
1785 4114 1966 4167 dotem
2012 4128 2293 4168 remanere
2330 4112 2446 4167 veri
2482 4112 2661 4167 simile
2715 4116 2819 4174 est,
2874 4109 2952 4175 qui

618 4186 803 4240 uxoris
859 4185 1018 4253 culpa
1074 4192 1373 4239 commotus
1427 4185 1834 4239 matrimonium
1889 4184 2070 4241 solvit.
2154 4202 2205 4239 v.
2246 4185 2298 4237 d.
2334 4185 2411 4237 Es
2444 4202 2495 4252 p.
2535 4186 2629 4251 613
2686 4180 2955 4238 Thalheim

615 4256 801 4311 R.-A.4
839 4257 908 4309 76
947 4257 1072 4311 adn.
1105 4256 1162 4327 93
1203 4255 1490 4311 Caillemer
1528 4257 1672 4324 apud
1707 4255 2011 4325 Dar.-Sagl.
2049 4273 2090 4309 s.
2130 4273 2181 4311 v.
2221 4258 2316 4309 dos
2352 4272 2404 4324 p.
2424 4256 2547 4311 393.
