3009 4859
1528 336 1972 395 ..16-

562 512 889 585 oportuisse
941 516 1147 570 nostra
1199 516 1399 571 aetate
1453 517 1701 575 constat.
1790 512 2047 587 LipsiuS,
2092 510 2371 570 Berichte
2421 510 2525 570 der
2579 512 2773 574 sachs.
2827 512 2943 571 Ge-

565 600 796 663 sellsch.
861 601 966 659 der
1029 600 1392 660 Wissensch.
1462 604 1628 661 1891
1696 619 1754 675 p.
1813 604 1924 673 58,
1989 602 2141 662 idem
2205 600 2245 659 1.
2311 605 2489 659 antea
2550 617 2597 659 s.
2660 618 2719 674 p.
2784 605 2937 661 228.

567 690 770 763 Neque
836 689 1073 748 dubium
1137 690 1285 749 mihi
1347 689 1609 763 videtur,
1684 691 1822 764 quin
1895 689 1973 749 ad
2044 691 2200 749 hunc
2272 690 2567 748 arbitrum
2630 692 2939 763 publicum

565 783 833 853 spectent
886 781 1070 837 verba
1123 778 1160 855 g
1211 782 1322 840 12:
1386 786 1597 840 ταῦτα
1650 776 1770 861 γὰρ
1825 778 1937 839 καὶ
1990 776 2155 860 πρὸς
2207 779 2299 861 τῷ
2356 777 2661 862 διαιτητῇ
2716 776 2937 856 λέγειν

567 862 917 949 ἐπεχείρει,
961 884 1073 941 quo
1118 869 1242 926 loco
1279 868 1564 942 imprimis
1600 869 1779 928 velim
1814 870 1877 926 in
1912 868 2275 941 singularem
2320 883 2625 926 numerum
2672 870 2936 927 animum

564 956 856 1018 intendas,
946 955 1062 1015 Sed
1124 974 1198 1014 ex
1260 958 1347 1016 eis
1402 958 1546 1031 ipsis
1592 959 1813 1031 verbis,
1891 958 2100 1031 quibus
2163 956 2601 1016 demonstratur
2662 975 2797 1016 rem
2864 958 2937 1015 ad

564 1047 852 1104 arbitrum
915 1046 1211 1119 publicum
1275 1045 1532 1105 delatam
1596 1063 1749 1126 esse,
1812 1047 1962 1105 sumi
2026 1051 2221 1121 potest
2284 1044 2471 1128 δίκην
2525 1050 2804 1127 προικός
2862 1048 2935 1105 ab

565 1140 766 1193 actore
811 1135 1100 1194 intentam
1145 1152 1261 1194 non
1307 1151 1460 1208 esse,
1505 1153 1643 1194 nam
1689 1135 1845 1195 dotis
1891 1136 2045 1194 actio
2091 1137 2153 1194 in
2200 1128 2519 1221 ἐμμήνοις
2563 1136 2937 1195 numeranda

566 1226 642 1282 ab
688 1223 914 1282 arbitro
957 1224 1188 1297 publico
1235 1241 1349 1283 non
1405 1224 1779 1285 diiudicatur.
1878 1225 2118 1298 Lipsius
2163 1225 2203 1285 1.
2240 1241 2311 1297 s.;
2379 1224 2456 1285 cf.
2515 1242 2571 1298 p.
2612 1227 2699 1283 44
2756 1226 2937 1285 infra.

743 1312 872 1371 Iam
915 1314 1063 1371 satis
1107 1330 1200 1372 me
1245 1314 1579 1387 exposuisse
1623 1330 1828 1374 censeo
1874 1314 1945 1372 de
1991 1314 2105 1386 eiS,
2145 1330 2293 1386 quae
2338 1313 2501 1372 facta
2546 1320 2717 1388 sunt,
2774 1321 2938 1372 ante-

565 1418 739 1475 quam
787 1417 965 1461 causa
1010 1401 1087 1460 ad
1131 1403 1354 1461 iudices
1390 1404 1548 1477 ipsos
1593 1402 1795 1461 delata
1838 1409 1955 1461 est:
2003 1402 2396 1475 quaerendum
2442 1407 2551 1475 est,
2601 1404 2819 1475 quibus
2868 1404 2938 1461 de

565 1491 762 1549 causis
808 1496 973 1549 actor
1019 1490 1296 1565 Spudiam
1343 1509 1508 1551 reum
1554 1493 1763 1565 egerit.

1707 1848 1789 1907 11.

714 2000 822 2082 De
881 2000 1177 2083 actoris
1237 1999 1721 2111 criminibus
1779 1999 1996 2104 apud
2049 1999 2365 2083 iudices
2421 2000 2803 2104 prolatis.

746 2202 907 2272 Quae
977 2220 1052 2261 ex
1122 2209 1432 2278 conspectu
1504 2220 1685 2276 supra
1758 2202 1895 2261 dato
1969 2203 2087 2261 iam
2160 2203 2405 2275 novisti,
2488 2204 2695 2276 paucis
2774 2221 2942 2279 repe-

575 2292 1136 2453 1ιθη(ΜΑΙῗΙωὲῐῑζιιᾱίτηιε
1181 2381 1448 2455 impedit,
1505 2397 1581 2439 ne
1637 2387 1802 2439 actor
1848 2398 1920 2439 ex
1966 2381 2130 2439 domo
2174 2381 2410 2454 pignori
2453 2381 2721 2455 opposita
2770 2382 2942 2441 habi-

572 2471 859 2530 tationum
906 2470 1197 2528 mercedes
1241 2475 1429 2542 cogat.

751 2559 821 2620 B.
886 2557 1135 2631 Spudias
1186 2561 1268 2619 20
1315 2560 1504 2616 minas
1550 2551 1615 2629 (2
1664 2558 2002 2634 Polyeucto,
2056 2561 2135 2617 18
2176 2558 2300 2616 eius
2346 2558 2516 2617 uxori
2562 2554 2831 2640 debitas)
2882 2561 2941 2618 in

501 2691 511 2701 .
572 2664 780 2721 corpus
822 2648 1246 2706 hereditarium
1291 2664 1406 2705 non
1450 2647 1693 2706 confert.
1780 2648 2001 2707 Eodem
2056 2648 2219 2706 modo
2272 2664 2371 2706 res
2415 2648 2703 2721 parvulas
2761 2665 2942 2721 quas-

575 2737 709 2795 dam
781 2737 972 2795 nescio
1053 2737 1259 2807 quibus
1333 2736 1765 2795 condicionibus
1828 2753 1865 2794 a
1937 2736 2247 2811 Polyeucti
2314 2752 2494 2795 uxore
2568 2736 2685 2794 sibi
2762 2738 2945 2796 datas

577 2830 815 2977 retmeg':
878 2914 1069 2973 Unam
1131 2914 1344 2971 minam
1409 2915 1628 2973 actoris
1688 2930 1835 2973 uxor
1895 2915 1959 2972 in
2021 2914 2210 2987 patris
2266 2914 2529 2973 defuncti
2593 2916 2943 2974 memoriam

573 3003 880 3077 impendit,
954 3003 1118 3060 cuius
1191 3019 1446 3061 summae
1511 3003 1811 3061 dimidium
1876 3003 2125 3077 Spudias
2188 3003 2425 3075 eiusque
2489 3018 2636 3061 uxor
2698 3005 2945 3065 solvere

576 3101 1135 3243 recuszgtbaresoe
1189 3180 1366 3254 plaid.
1414 3182 1525 3239 civ.
1564 3182 1597 3239 I
1638 3183 1787 3254 1523
1854 3180 2091 3254 Lipsius
2127 3176 2275 3239 ΑΡ2
2322 3198 2377 3253 p.
2420 3182 2544 3240 602
2596 3180 2729 3240 adn.
2778 3184 2942 3253 322;

575 3270 883 3328 Thalheim
929 3269 1141 3340 Progr.
1184 3270 1352 3328 1892
1403 3286 1455 3342 p.
1497 3272 1555 3331 8.

755 3358 1073 3416 Veniamus
1120 3357 1196 3415 ad
1240 3358 1489 3430 primum
1536 3358 1683 3416 illud
1728 3359 1963 3418 crimen.

1722 3518 1795 3579 A.

755 3624 1128 3699 Polyeuctus,
1175 3642 1302 3683 cum
1349 3626 1598 3683 alteram
1643 3626 1823 3684 filiam
1868 3626 2054 3683 actori
2091 3623 2496 3697 desponderet,
2544 3625 2801 3683 test-ibus
2842 3628 2949 3685 ad-

576 3713 784 3771 hibitis
846 3714 902 3772 ei
965 3713 1155 3772 dotem
1203 3717 1288 3775 40
1335 3716 1623 3773 minarum
1677 3714 1971 3789 promisit,
2036 3715 2199 3773 cuius
2262 3714 2542 3786 pecuniae
2607 3714 2662 3771 ei
2726 3717 2951 3773 statim

582 3805 666 3862 30
713 3803 900 3861 minas
946 3806 1305 3877 numeravit,
1361 3820 1491 3861 cum
1543 3808 1650 3876 10,
1700 3821 1849 3877 quae
1894 3796 2207 3875 restarent,
2256 3807 2511 3861 actorem
2559 3808 2953 3875 accepturum

581 3908 708 3949 esse
761 3898 896 3965 post
940 3892 1248 3966 Polyeucti
1301 3898 1545 3952 mortem
1598 3894 1754 3952 inter
1799 3910 1862 3951 se
1906 3894 2356 3964 constituerent,
2411 3908 2515 3965 pro
2571 3908 2683 3965 quo
2738 3892 2951 3951 debito

579 3980 933 4054 Polyeuctus
986 3982 1260 4055 praedem
1307 3983 1411 4041 dat
1455 3982 1815 4045 Leocratem.
1907 3981 2022 4041 Sed
2075 3999 2205 4041 cum
2250 3981 2569 4039 Leocrates
2624 3980 2953 4055 adoptione

581 4074 642 4127 et
706 4071 1073 4128 matrimonio
1130 4071 1337 4129 solutis
1399 4070 1471 4130 de
1526 4072 1756 4130 familia
1820 4072 2163 4131 decessisset
2226 4075 2286 4128 et
2340 4070 2695 4143 Polyeuctus
2762 4074 2951 4143 gravi

579 4159 778 4216 morbo
831 4159 1076 4218 affectus
1131 4162 1448 4219 moriturus
1494 4166 1675 4236 esset,
1721 4165 1887 4220 actor
1933 4161 2119 4219 debiti
2160 4160 2375 4233 pignus
2421 4159 2610 4232 poscit
2656 4165 2719 4217 et
2766 4160 2951 4234 Poly-

581 4252 782 4305 euctus
828 4249 882 4307 ei
927 4249 1157 4308 domum
1201 4267 1307 4324 pro
1353 4248 1550 4309 decem
1585 4252 1704 4309 illis
1742 4252 1913 4310 minis
1948 4251 2204 4325 opponit,
2252 4249 2403 4321 quod
2446 4248 2662 4321 pignus
2711 4243 2951 4311 ἀποτί·
3004 4260 3006 4267 “
