3009 4859
1550 322 1995 381 -40-

599 499 804 573 paucis
847 499 942 557 his
1006 498 1206 558 verbis
1269 498 1493 557 iudices
1556 498 1633 557 ad
1696 500 1913 557 actoris
1975 503 2203 573 partem
2266 496 2677 572 perducantur,
2741 498 2930 571 quippe

596 584 698 661 qui
741 590 899 645 iusto
943 589 1074 647 inre
1109 587 1242 645 fieri
1284 592 1510 661 putent,
1567 593 1636 645 ut
1686 588 1843 647 filiae
1897 588 2205 662 Polyeucti
2259 587 2475 646 eisdem
2530 587 2933 647 conditionibus

593 678 660 735 in
693 676 1084 735 hereditatem
1121 682 1368 736 vocatae
1403 678 1606 749 aequis
1642 678 1913 751 partibus
1948 678 2109 751 patri
2144 682 2480 750 parentent3
2521 677 2595 735 cf.
2622 673 2777 735 ΑΡ.ει
2804 677 2932 736 601.

595 768 877 825 Attamen
923 783 1089 825 nemo
1131 772 1312 837 neget
1357 766 1567 824 stricto
1609 768 1739 825 iure
1802 767 2020 825 actoris
2084 782 2323 825 causam
2382 765 2543 824 haud
2603 766 2693 824 ita
2750 766 2929 823 bonam

597 872 742 927 esse,
797 871 926 913 cum
979 856 1106 913 eius
1165 872 1311 913 uxor
1363 855 1577 914 minam
1634 855 1991 930 impenderit
2040 871 2228 927 neque
2284 855 2340 913 ei
2392 870 2524 914 cum
2578 871 2774 913 sorore
2820 870 2935 911 con-

593 944 829 1003 venerit
863 944 936 1002 de
980 936 1152 1017 parte
1195 942 1512 1006 reddenda.

775 1032 909 1091 Hoc
954 1034 1171 1091 actoris
1218 1035 1434 1091 crimen
1479 1049 1611 1091 cnm
1654 1034 1869 1092 ceteris
1914 1050 2031 1093 non
2066 1038 2233 1091 arcte
2270 1033 2567 1104 cohaeret3
2604 1032 2775 1091 initio
2807 1031 2937 1089 enim

597 1122 898 1194 orationiS,
937 1121 1149 1195 quibus
1195 1120 1266 1180 de
1313 1121 1506 1180 causis
1552 1122 1629 1180 lis
1673 1123 1905 1181 intenta
1948 1123 2045 1194 sit,
2090 1128 2260 1180 actor
2304 1120 2474 1181 dicit:
2524 1116 2935 1199 ἀναγκάζομαι

597 1209 762 1293 πρὸς
807 1218 1044 1271 τοῦτον
1089 1209 1246 1293 περὶ
1291 1214 1424 1272 τῶν
1466 1208 2053 1291 καταλειφθέντων
2110 1206 2506 1283 δικάζεσθαι,
2566 1216 2627 1270 et
2680 1227 2749 1269 re
2799 1225 2939 1279 vera,

597 1317 749 1372 qnae
796 1299 1050 1373 Spudiae
1107 1301 1334 1359 crimini
1379 1300 1502 1372 dat,
1546 1302 1661 1359 hac
1714 1318 1781 1359 re
1834 1301 2051 1359 omissa
2102 1300 2493 1359 hereditatem
2548 1305 2836 1374 spectant:
2884 1306 2941 1353 ut.

595 1390 890 1449 mercedes
936 1405 1009 1446 ex
1066 1388 1230 1447 domo
1284 1390 1671 1463 oppignerata
1726 1406 1937 1462 cogere
1990 1389 2106 1448 sibi
2160 1389 2356 1463 liceat,
2409 1390 2450 1447 i.
2498 1406 2550 1447 e.
2594 1393 2664 1447 ut
2716 1387 2940 1461 Spudias

596 1478 859 1537 debitum
906 1478 1101 1536 decem
1145 1479 1456 1536 miniatum
1501 1496 1576 1537 ex
1618 1480 1951 1538 hereditate
2012 1478 2355 1537 solvendum
2414 1494 2543 1536 esse
2604 1478 2943 1544 confiteatur,

603 1567 816 1626 deinde
861 1572 928 1625 ut
971 1568 1253 1625 nonnulla
1297 1569 1551 1639 nomina,
1597 1584 1745 1641 quae
1782 1567 2034 1641 Spudias
2080 1567 2257 1625 debet
2288 1568 2631 1640 hereditati,
2669 1566 2941 1625 conferan-

602 1662 718 1715 tur.
813 1654 930 1715 Sed
985 1656 1138 1728 quod
1196 1658 1374 1714 terito
1428 1656 1553 1715 loco
1608 1656 1863 1731 Spudiae
1916 1656 2227 1732 opprobrio
2281 1656 2402 1729 dat,
2458 1656 2535 1714 ad
2578 1656 2942 1715 hereditatem

601 1762 715 1805 non
760 1746 1048 1818 pertinet:
1095 1744 1343 1818 Spndias
1389 1748 1751 1804 semiminam
1809 1746 1982 1804 debet
2034 1746 2223 1803 actori
2277 1746 2409 1820 ipsi,
2461 1761 2581 1803 non
2634 1743 2944 1803 hereditati.

598 1836 784 1894 Actor
829 1835 1026 1906 igitur
1061 1834 1170 1893 hoc
1207 1836 1428 1893 crimen
1465 1836 1679 1894 ceteris
1714 1836 2001 1910 adiunxit,
2038 1852 2154 1907 non
2190 1850 2304 1907 quo
2341 1842 2625 1907 ageretur
2662 1835 2738 1893 de
2775 1834 2940 1891 eadem

606 1924 956 1994 hereditate,
1004 1923 1106 1981 sed
1171 1924 1322 1994 quod
1383 1926 1579 1982 omnia
1640 1925 1704 1982 in
1758 1926 2010 1983 medium
2072 1923 2341 1996 proferre
2405 1924 2647 1982 volebat
2710 1923 2947 1990 crimina,

603 2012 1063 2086 quandoquidem
1110 2012 1514 2071 adversarium
1562 2015 1623 2069 in
1670 2014 1949 2072 iudicium
1986 2018 2325 2072 vocaverat.

1185 2173 1283 2231 De
1327 2175 1609 2231 ratione
1654 2175 1847 2231 inita
1892 2174 1955 2231 in
2002 2171 2077 2248 ἐξ
2118 2176 2223 2247 27,
2278 2175 2379 2232 28.

787 2280 1106 2351 Postquam
1154 2285 1350 2337 autem
1397 2281 1645 2338 crimina
1690 2280 1994 2339 enarravit
2040 2279 2594 2351 probationibusque
2652 2283 2717 2336 et
2766 2276 2948 2336 inarti-

610 2369 900 2427 ficialibus
938 2374 1000 2426 et
1043 2369 1455 2427 artificialibus
1493 2370 1774 2440 firmavit,
1832 2370 1959 2441 ipse
2013 2369 2266 2426 orationi
2318 2368 2490 2425 finem
2547 2369 2769 2441 imponi
2818 2379 2954 2439 posse

609 2458 901 2530 concedit3
949 2454 986 2535 ξ
1038 2460 1139 2516 25.
1232 2459 1516 2516 Attamen
1562 2458 1638 2516 ad
1682 2459 1929 2530 primam
1977 2457 2293 2530 querelam,
2350 2472 2500 2530 quae
2547 2463 2642 2516 est
2686 2456 2762 2515 de
2824 2457 2958 2513 domo

609 2548 1014 2621 oppignerata,
1061 2546 1298 2607 rediens
1344 2548 1496 2605 hanc
1542 2547 1656 2606 sibi
1702 2548 1763 2604 in
1809 2546 2015 2620 primis
2062 2562 2238 2605 curae
2292 2562 2420 2604 esse
2474 2546 2793 2619 patefacit:
2845 2542 2957 2616 Spu·

611 2637 739 2693 dias
795 2636 1108 2693 contendet
1164 2653 1226 2693 se
1279 2638 1468 2708 ipsum
1525 2635 1717 2693 dotem
1772 2637 2029 2707 triginta
2081 2638 2372 2693 minarum
2427 2637 2726 2709 accepisse
2791 2636 2961 2704 itaque·

613 2727 802 2783 actori
846 2726 1102 2796 triginta
1147 2726 1322 2782 minis
1360 2726 1618 2797 acceptis
1653 2740 1767 2782 non
1804 2725 1982 2782 licere
2020 2725 2333 2783 adfirmare
2369 2723 2759 2799 Polyeuctum
2796 2724 2961 2781 decem

609 2816 800 2873 minas
847 2814 1133 2874 debuisse.
1224 2814 1452 2884 Quibus
1492 2814 1917 2872 obiectionibus
1957 2819 2023 2871 ut
2068 2815 2436 2886 obloquatur,
2484 2819 2652 2872 actor
2695 2805 2955 2871 rationem

611 2904 904 2976 subducit,
971 2920 1086 2976 qua
1149 2902 1508 2962 demonstret
1564 2900 1841 2977 Spudiam
1906 2919 2023 2960 non
2087 2905 2341 2975 triginta
2402 2902 2505 2959 sed
2570 2903 2965 2975 quadraginta,

614 2996 756 3067 quin
802 2996 982 3051 etiam
1025 2994 1159 3066 plus
1206 2993 1607 3065 quadraginta
1661 2993 1851 3050 minas
1907 2994 2220 3065 accepisse.
2313 2993 2396 3049 At
2457 2994 2655 3049 nescio
2722 3002 2797 3049 an
2859 2992 2961 3061 ipsc

616 3099 820 3156 parum
876 3083 991 3140 sibi
1045 3082 1207 3155 fidat,
1272 3099 1405 3140 nam
1470 3083 1808 3154 priusquam
1874 3081 2101 3139 accedit
2163 3082 2237 3139 ad
2302 3082 2593 3138 rationem
2656 3079 2967 3144 ineundam,

619 3173 858 3243 exponit
921 3171 1243 3246 Polyeucto
1306 3173 1545 3229 licuisse
1610 3170 1788 3228 alteri
1851 3170 2009 3228 filiae
2076 3173 2379 3243 maiorem,
2455 3169 2636 3228 alteri
2706 3172 2963 3227 minorem

616 3262 808 3319 dotem
856 3260 1018 3336 dare,
1070 3277 1248 3334 penes
1293 3258 1573 3332 Spudiam
1620 3264 1814 3317 antem
1859 3258 2041 3317 fuisse
2078 3259 2259 3317 filiam
2304 3261 2366 3316 in
2401 3260 2839 3317 matrimonium
2872 3269 2963 3313 non

618 3350 829 3407 ducere
877 3354 1220 3407 exornatam
1266 3350 1487 3406 minore
1534 3349 1686 3407 dote.
1772 3347 2043 3406 Ceterum
2090 3349 2355 3407 concedit
2390 3346 2670 3421 Spudiam
2707 3346 2968 3422 pecuniae

620 3444 869 3511 paratae
914 3454 1026 3495 non
1074 3438 1206 3511 plns
1250 3438 1506 3509 triginta
1550 3440 1739 3495 minas
1784 3439 2108 3509 accepisse3
2154 3454 2342 3510 neque
2388 3442 2585 3496 tamen
2632 3454 2763 3495 eum
2813 3433 2975 3493 detti*

619 3532 878 3585 mentum
926 3528 1148 3599 cepisse
1192 3528 1424 3585 ratione
1479 3527 1764 3585 subducta
1808 3528 2058 3599 probare
2112 3528 2337 3602 studet3
2392 3525 2427 3601 ξ
2479 3529 2579 3586 27.
2683 3526 2869 3597 Quam
2915 3523 2973 3577 uh

617 3622 780 3676 recte
827 3616 1162 3689 intellegaS,
1209 3616 1388 3676 velim
1432 3616 1579 3673 haec
1624 3616 1978 3684 consideres:
2035 3620 2207 3690 pater
2261 3618 2361 3689 qui
2413 3616 2595 3674 filiam
2650 3612 2976 3687 despondet,

620 3708 815 3767 dotem
862 3706 1004 3783 dare
1051 3707 1200 3764 solet
1247 3710 1308 3764 et
1350 3710 1591 3777 praeter
1637 3705 1827 3763 dotem
1872 3707 2107 3777 saepius
2154 3706 2306 3763 dona
2349 3706 2667 3777 nuptialia;
2732 3704 2885 3761 dona
2923 3702 2975 3756 in

617 3798 819 3855 mariti
864 3797 1177 3857 dominium
1224 3796 1486 3866 veniunt,
1536 3794 1608 3852 de
1656 3794 1790 3853 dote
1835 3794 1967 3866 ipsa
2011 3794 2239 3852 fructus
2284 3796 2561 3867 percipit;
2619 3791 2977 3850 matrimonio

619 3887 806 3943 soluto
854 3885 1008 3943 dona
1053 3884 1208 3958 apud
1253 3885 1528 3941 maritum
1576 3887 1898 3956 remanent,
1939 3884 2040 3941 dos
2077 3884 2375 3941 reddenda
2412 3888 2519 3945 est.
2592 3882 2756 3940 Fieri
2792 3885 2975 3938 autem

618 3979 830 4047 potest,
877 3979 946 4029 ut
991 3974 1141 4031 dona
1188 3973 1309 4031 doti
1355 3978 1777 4031 accenseantur
1824 3976 1885 4030 et
1929 3978 2180 4045 pareant
2223 3973 2472 4045 legibu8‚
2529 3988 2680 4045 quae
2734 3973 2873 4029 sunt
2917 3967 2985 4023 de

619 4063 756 4121 dote
804 4054 1236 4139 (ἕντιμᾶσθαι
1286 4054 1358 4122 ἒν
1403 4057 1682 4143 προικιῦς
1731 4062 1897 4120 velut
1942 4056 2173 4139 ἱμάτια
2228 4059 2338 4122 καὶ
2392 4061 2627 4142 χρυσία
2682 4065 2785 4118 aut
2839 4057 2985 4115 dono

622 4153 837 4210 dantur
876 4155 982 4209 aut
1027 4150 1148 4208 doti
1195 4151 1675 4210 adnumerantur.
1706 4151 1804 4209 cf.
1853 4150 2214 4209 Schoemann
2264 4150 2339 4208 ad
2384 4150 2461 4209 Is.
2499 4169 2555 4225 p.
2606 4152 2760 4221 2063
2806 4146 2978 4205 Thal-

620 4241 778 4297 heim
831 4234 1043 4299 R.-A.⁴
1099 4256 1154 4312 p.
1207 4241 1308 4310 76,
1374 4240 1505 4300 adn.
1554 4242 1619 4310 63
1666 4240 1969 4298 Beauchet
2013 4240 2061 4312 I,
2130 4242 2284 4313 2833
2350 4244 2526 4313 atque
2592 4238 2825 4298 eaedem
2888 4247 2987 4291 res
