3009 4859
1502 266 1948 322 ...54-

720 448 776 505 5.
824 444 1102 501 Mulieres
1146 440 1734 515 Graeco-Aegyptiae
1793 443 2004 500 marito
2067 445 2318 499 utuntur
2382 443 2598 524 κυρίῳ,
2616 435 2696 522 1).
2734 448 2923 514 atque

537 534 913 593 Ptolemaeus
965 532 1312 605 Philopator
1367 529 1735 619 Graecorum*
1788 546 1975 589 mores
2040 537 2273 589 secutus
2336 532 2611 589 mulieres
2667 534 2919 605 Aegyp-

535 626 656 681 tias
722 639 946 696 quoque
1008 624 1070 679 in
1135 622 1475 678 maritorum
1540 621 1729 679 tutela
1794 637 1925 679 esse
1974 620 2154 681 iubet.
2246 620 2317 677 cf.
2366 620 2592 678 Mitteis
2638 621 2917 679 Reichsr.

535 713 658 770 und
702 712 936 771 Volksr
983 729 1039 784 p.
1093 713 1195 771 55.

716 872 798 931 11.
843 870 878 947 ἓ
927 873 1114 930 4..
1163 913 1177 927 .
1224 867 1301 929 τὸ
1347 865 1728 930 τελευταῖον
1738 866 2207 972 διελύθησαν,
2272 861 2377 949 ἐφ’
2450 867 2576 953 ᾧτε
2632 871 2917 949 κομισά-

535 979 746 1041 μενον
818 959 936 1021 τὸν
1007 960 1410 1039 Λεωκράτην
1483 954 1657 1040 ἅπερ
1723 944 1805 1040 ἦν
1879 954 1971 1028 εἰς
2041 955 2165 1045 τὴν
2238 957 2467 1019 οὐσίαν
2545 954 2922 1041 εἰσενηνεγ-

537 1053 732 1128 μένος
775 1045 911 1109 κτλ.

719 1155 1036 1213 Leocrates
1089 1156 1278 1225 igitur
1332 1155 1702 1212 matrimonio
1759 1158 1821 1211 et
1875 1152 2186 1227 adoptione
2240 1154 2447 1211 solutis
2510 1156 2927 1213 transactione

535 1246 768 1319 recipit,
815 1260 960 1317 quae
1016 1246 1100 1301 in·
1143 1260 1267 1302 rem
1331 1243 1683 1302 familiarem
1747 1243 2049 1301 intulerat.
2144 1242 2364 1312 Quibus
2429 1243 2500 1301 de
2563 1245 2737 1301 rebus
2807 1247 2926 1315 qui

534 1336 900 1407 scripserunt
945 1350 1015 1391 ex
1061 1332 1168 1390 hoc
1203 1334 1326 1390 loco
1373 1349 1829 1406 unumquemque
1873 1332 2057 1389 filium
2106 1331 2459 1406 adoptatum,
2507 1349 2655 1405 quae
2718 1336 2923 1406 possi-

536 1423 722 1496 deret,
769 1424 832 1480 in
877 1424 1066 1494 patris
1115 1421 1381 1494 adoptivi
1425 1438 1522 1480 res
1567 1422 1790 1479 inferre
1839 1420 2106 1479 debuisse
2144 1422 2453 1493 colligunt:
2515 1438 2633 1481 van
2670 1421 2787 1479 den
2824 1422 2922 1480 Es

536 1530 594 1585 p.
646 1514 755 1583 913
805 1510 1129 1586 Caillemer,
1176 1510 1261 1568 Le
1308 1510 1463 1568 droit
1508 1512 1580 1568 de
1628 1516 1813 1568 tester
1861 1512 1923 1567 in
1968 1510 2273 1568 Annuaire
2338 1510 2410 1567 de
2473 1510 2695 1570 l'assoc.
2760 1528 2926 1583 pour

535 1599 699 1659 l’enc.
740 1601 840 1657 des
878 1602 953 1661 et.
994 1599 1095 1660 Gr.
1142 1599 1228 1658 IV
1274 1617 1331 1673 p.
1372 1603 1482 1671 253
1531 1594 1699 1660 AP.2
1748 1602 1873 1658 546
1923 1599 2055 1657 adn.
2108 1601 2260 1673 1783
2302 1597 2453 1657 Gide
2492 1604 2553 1656 et
2590 1599 2925 1659 Caillemer

535 1689 693 1763 apud
748 1687 1079 1760 Dar.·Sagl.
1135 1706 1183 1749 s.
1232 1706 1285 1749 v.
1335 1689 1566 1762 adoptio
1620 1706 1678 1762 p.
1730 1691 1836 1761 76;
1905 1687 2214 1746 Thalheim
2258 1684 2472 1747 R.-A.⁴=
2520 1691 2604 1748 80
2651 1688 2788 1745 adn.
2846 1692 2919 1762 33

440 1808 444 1811 »
532 1778 840 1837 Beauchet
883 1779 965 1851 II,
1014 1781 1117 1838 47.
1209 1777 1297 1836 Ne
1346 1795 1484 1838 vero
1532 1780 1662 1851 quis
1710 1778 1869 1835 dicat
1915 1793 2027 1835 non
2073 1776 2255 1835 licere
2304 1777 2378 1835 ad
2426 1780 2677 1835 omnium
2726 1778 2919 1851 adop-

539 1873 794 1926 tatorum
839 1870 992 1925 bona
1036 1867 1366 1925 transferre
1413 1866 1566 1939 quod
1611 1868 1892 1939 scriptum
1938 1866 2187 1938 legimus
2253 1866 2322 1923 de
2385 1867 2552 1923 bonis
2596 1866 2922 1926 Leocratis

530 1957 818 2031 adoptati,
865 1958 1229 2028 argumentis
1275 1972 1439 2013 suam
1484 1957 1833 2013 sententiam
1878 1957 2132 2027 probare
2176 1956 2432 2016 student.
2522 1955 2705 2013 Velut
2752 1956 2923 2015 Cail-

536 2048 717 2105 lemer
762 2045 918 2104 droit
963 2046 1036 2104 de
1083 2050 1268 2103 tester
1312 2045 1350 2105 l.
1397 2062 1443 2106 8.
1489 2046 1657 2103 haec:
1716 2052 1814 2117 „et
1858 2047 1986 2103 cela
2029 2045 2125 2101 n'a
2171 2047 2300 2103 rien
2357 2046 2459 2117 qui
2524 2044 2694 2103 doive
2761 2063 2921 2105 nous

533 2134 907 2208 surprendre.
997 2135 1053 2192 11
1098 2152 1171 2192 nc
1219 2134 1350 2192 faut
1394 2151 1500 2207 pas
1560 2134 1787 2192 oublier
1833 2150 1959 2208 que,
2026 2132 2252 2207 d’apres
2316 2134 2371 2191 le
2439 2133 2595 2191 droit
2656 2138 2919 2212 romain,
3007 2191 3009 2194 .

535 2224 816 2295 l’adroge‚
860 2225 947 2281 lui
993 2226 1167 2298 aussi,
1213 2223 1447 2295 perdait
1490 2223 1553 2281 la
1597 2224 1892 2296 propriete
1938 2223 2008 2280 de
2065 2239 2158 2280 ses
2221 2224 2405 2284 biens,
2497 2222 2665 2281 'Ecce
2730 2226 2919 2301 enim,

529 2328 664 2371 cum
708 2317 882 2386 pater
925 2312 1182 2370 familias
1227 2329 1290 2369 se
1335 2314 1399 2369 in
1444 2312 1812 2385 adoptionem
1860 2312 2037 2387 dedit,
2084 2329 2278 2370 omnes
2326 2314 2450 2369 eius
2495 2328 2591 2370 res
2637 2313 2921 2385 incorpo-

533 2402 690 2461 rales
737 2407 798 2459 et
842 2402 1188 2475 corporaleS,
1235 2418 1498 2474 quaeque
1545 2403 1601 2459 ei
1649 2401 1881 2459 debitae
1928 2405 2081 2475 sunt,
2126 2404 2288 2475 patri
2351 2401 2629 2474 adoptivo
2694 2403 2920 2474 adqui-

531 2487 781 2549 runtur!
856 2491 996 2549 Gaii
1040 2492 1176 2551 inst.
1222 2490 1336 2564 111,
1387 2492 1530 2550 83.“
1620 2490 1695 2552 cf.
1741 2508 1791 2551 e.
1831 2507 1887 2563 g.
1933 2490 2248 2548 Leonhard
2293 2491 2449 2563 apud
2493 2490 2921 2565 Pauly-VViss.

531 2598 579 2639 s.
625 2598 684 2639 v.
728 2579 1053 2652 adrogatio,
1162 2578 1278 2638 Sed
1341 2580 1450 2637 hoc
1513 2581 1636 2637 loco
1700 2579 1851 2636 nihil
1916 2578 2380 2651 demonstratur,
2442 2596 2577 2637 nam
2639 2583 2921 2654 patriam

531 2673 885 2742 potestatem
930 2668 1319 2725 Romanorum
1366 2674 1489 2725 toto
1539 2668 1694 2726 coelo
1742 2668 1980 2727 differre
2044 2686 2081 2727 a
2126 2667 2354 2727 Graeca
2417 2673 2668 2740 constat3
2744 2673 2922 2742 apud

529 2758 790 2817 Graecos
834 2757 992 2815 filius
1035 2759 1192 2814 inter
1239 2759 1408 2817 vivos
1456 2757 1767 2829 adoptatus
1811 2758 1982 2830 plane
2028 2757 2244 2816 eisdem
2290 2758 2517 2815 iuribus
2573 2764 2636 2815 et
2688 2757 2923 2819 officiis

528 2850 725 2904 utitur
769 2864 838 2904 ac
882 2847 1036 2904 filius
1081 2848 1388 2925 naturalis,
1436 2848 1639 2919 itaque
1687 2851 1748 2903 et
1791 2848 2073 2904 bonorum
2127 2847 2391 2905 dominus
2446 2863 2571 2904 6886
2627 2854 2690 2905 et
2748 2851 2922 2909 bona
3000 2874 3002 2877 ⁴

528 2937 654 3009 ipse
701 2938 816 2993 sibi
861 2936 1171 3009 adquirere
1216 2940 1426 3009 potest.

710 3024 992 3083 Maiorem
1038 3027 1168 3084 veri
1213 3027 1463 3097 speciem
1507 3026 1727 3081 habere
1773 3024 2033 3096 videtur,
2079 3024 2231 3096 quod
2276 3025 2559 3081 conclusit
2604 3042 2728 3083 van
2788 3027 2921 3087 den

531 3115 612 3172 Es
659 3131 714 3186 p.
765 3117 875 3174 91.
941 3113 1260 3172 Aeschines
1305 3116 1460 3172 enim
1507 3131 1556 3174 c.
1606 3113 1757 3175 Otos,
1807 3112 1843 3189 ἓ
1886 3116 1963 3171 21
2016 3114 2203 3171 tradit
2246 3114 2371 3185 legi
2413 3113 2705 3189 impediri,
2768 3134 2924 3187 quo·
2994 3140 2996 3185 3

529 3206 721 3261 minus
767 3202 1148 3271 ὑπεύθυνος
1194 3202 1529 3276 adoptetur:
1569 3199 1776 3264 πάλιν
1823 3201 2214 3263 ὑπεύθυνον
2259 3201 2377 3262 οὐκ
2415 3196 2492 3283 ἐᾷ
2540 3196 2923 3285 ἐκποίητον
2992 3226 2994 3287 g

528 3293 859 3368 γενέσθαι.
954 3292 1131 3350 Cuius
1179 3293 1327 3363 legis
1394 3309 1543 3365 quae
1608 3309 1783 3350 causa
1848 3293 1928 3348 sit
1990 3308 2109 3351 van
2174 3292 2286 3349 den
2348 3291 2431 3349 Es
2495 3308 2567 3349 ex
2630 3296 2923 3354 oratione
2990 3313 2992 3361 f

529 3381 667 3441 adv.
714 3379 990 3453 Spudiam
1028 3382 1160 3452 cogi
1213 3397 1381 3452 posse
1446 3386 1667 3441 censet:
1744 3380 2092 3459 „adoptatus
2154 3397 2253 3438 res
2313 3397 2450 3439 suas
2513 3382 2577 3439 in
2640 3382 2924 3443 alienam

531 3470 759 3526 domum
805 3469 1225 3542 transferebat3
1272 3471 1323 3528 si
1387 3475 1583 3527 autem
1647 3469 2032 3538 ὑπεύθυνος
2095 3472 2223 3542 quis
2286 3475 2377 3527 est
2441 3474 2502 3527 et
2566 3472 2641 3527 ab
2708 3474 2925 3533 altero

525 3560 845 3633 adoptatus
890 3558 1046 3618 facto
1095 3576 1141 3616 e.
1189 3576 1244 3629 g.
1291 3558 1566 3631 peculatu
1612 3558 1922 3617 damnatur
1968 3564 2178 3631 atque
2222 3560 2507 3617 interea
2566 3563 2926 3641 moritur,

527 3666 568 3705 a
614 3666 724 3721 quo
771 3649 1093 3721 repetenda
1129 3660 1221 3705 est
1265 3648 1498 3723 mulcta,
1547 3665 1674 3706 cum
1719 3649 1902 3721 ipsius
1938 3650 2091 3706 bona
2126 3650 2317 3720 patris
2354 3647 2691 3720 adoptantis
2730 3652 2925 3712 bonis

523 3738 732 3795 addita
778 3736 946 3795 sint?
1008 3737 1332 3810 Propterea
1378 3742 1575 3795 autem
1611 3738 1745 3809 lege
1783 3738 2106 3796 cavebatur
2142 3754 2215 3795 ne
2251 3736 2459 3796 liceret
2496 3736 2923 3803 ὑπεύθυνον

525 3827 826 3902 adoptare,
872 3843 946 3883 ne
991 3826 1214 3884 scilicet
1260 3827 1473 3885 civitas
1522 3826 1729 3884 damno
1776 3824 2173 3884 afficeretur.“
2252 3825 2366 3885 Sed
2403 3844 2477 3885 ne
2512 3827 2623 3885 hoc
2660 3830 2927 3900 quidem

521 3918 781 3989 probem,
827 3933 961 3974 nam
1025 3916 1176 3986 legis
1239 3917 1782 3989 interpretationem
1846 3916 2057 3974 falsam
2122 3932 2249 3973 esse
2310 3919 2472 3988 put03
2540 3930 2930 3987 argumenta.

707 4123 745 4191 1)
782 4123 940 4190 Egon
977 4121 1163 4176 Weiss:
1203 4122 1463 4189 Beitr'age
1500 4138 1624 4175 zum
1662 4121 2225 4191 grako-agyptischen
2245 4121 2931 4183 Vormundschaftsrecht

522 4191 585 4242 in
625 4192 826 4246 Archiv
862 4194 953 4246 fiir
989 4193 1535 4262 Papyrusforschung
1571 4193 1653 4248 IV
1689 4194 1875 4263 (1907)
1913 4211 1965 4262 p.
2006 4195 2093 4249 84.
