3009 4859
1046 314 1305 407 -.41
1403 342 1488 353 -.

91 491 464 551 inveniuntur
507 490 570 547 in
605 490 873 564 papyris:
913 488 1204 564 Wessely,
1242 488 1486 548 Studien
1522 491 1669 547 iiber
1722 489 1827 547 das
1863 489 2043 550 Verh.
2082 489 2183 547 des
2220 489 2447 562 griech.

95 598 216 639 zum
260 586 353 651 ag.
399 578 628 637 Rechte
691 580 754 637 in
801 578 1204 651 Sitzungsber.
1250 579 1356 637 der
1411 579 1533 637 Ak.
1584 577 1690 639 der
1733 577 2098 637 Wissensch.
2154 580 2215 637 in
2262 578 2442 637 Wien

97 668 343 728 CXXIV
389 662 620 747 (1891)
666 685 724 741 p.
773 670 878 727 60.

258 758 389 816 Huc
453 758 754 831 pertinent
816 774 965 829 quae
1030 761 1193 815 actor
1255 757 1364 815 hoc
1423 758 1551 815 loco
1616 756 1894 830 explicat:
1958 757 2085 815 filia
2142 774 2178 815 a
2220 755 2445 829 Spudia

94 849 256 905 ducta
283 864 356 905 ex
389 846 756 905 matrimonio
793 846 989 918 priore
1025 862 1152 904 cum
1181 846 1468 905 Leocrate
1506 850 1801 905 contracto
1838 846 2115 903 mundum
2152 850 2212 904 et
2244 852 2443 904 vestes

94 952 273 994 secum
327 936 484 1008 tulit,
540 951 690 1009 quae
745 936 878 1009 plus
935 935 1140 995 valent
1203 935 1400 993 decem
1466 936 1669 997 minas.
1762 935 1963 1007 Neque
2024 936 2135 992 hae
2194 952 2309 1007 res,
2375 941 2444 993 ut

97 1025 331 1097 Spudias
377 1025 695 1095 contendit,
741 1025 804 1082 in
841 1024 1008 1082 donis
1051 1025 1414 1097 nuptialibus
1458 1029 1698 1097 praeter
1741 1024 1935 1082 dotem
1998 1024 2191 1083 missis
2245 1040 2444 1083 nume·

97 1114 302 1172 randae
358 1118 512 1185 sunt,
567 1114 669 1172 sed
724 1114 786 1171 in
841 1114 976 1171 dote
1031 1131 1068 1171 a
1121 1130 1319 1171 socero
1376 1113 1535 1176 data.
1624 1112 1891 1186 Namque
1946 1116 1999 1171 si
2045 1114 2174 1187 quis
2220 1130 2444 1187 compa-

97 1204 240 1261 rabit
284 1219 371 1275 ea,
421 1218 568 1275 quae
613 1203 804 1261 actori
850 1202 996 1259 dono
1041 1202 1183 1260 data
1227 1207 1381 1273 sunt,
1429 1218 1557 1260 cum
1616 1204 1703 1260 eis
1758 1204 1951 1275 rebuS‚
2000 1219 2145 1275 quas
2192 1202 2442 1275 Spudias

97 1294 318 1367 accepit,
367 1291 571 1350 eadem
616 1290 742 1349 fere
787 1307 914 1349 esse
959 1299 1279 1363 cognoscet,
1329 1294 1381 1350 si
1427 1297 1625 1352 vestes
1669 1291 1807 1351 illas
1864 1297 1927 1349 et
1980 1290 2255 1349 mundum
2302 1290 2445 1366 Spu·

96 1380 379 1439 diae'doti
425 1396 688 1452 accensa,
735 1396 849 1438 non
896 1379 1042 1437 dono
1089 1380 1230 1439 data
1277 1397 1403 1439 esse
1449 1381 1727 1440 censebit.
1820 1380 2068 1455 Spudias
2112 1380 2301 1453 igitur
2344 1397 2442 1439 res

96 1471 172 1527 ita
212 1468 628 1542 computandas
675 1485 800 1527 esse
845 1469 1168 1528 contendit:

796 1622 869 1676 30
903 1622 1080 1677 minas
1278 1611 1540 1677 mundum
1559 1622 1629 1693 -Ι-
1648 1622 1790 1677 dona

96 1698 328 1774 Spudias
376 1702 623 1773 accepit:
713 1691 1249 1783 Ὰ-ῆΓ-Ᾰ-Ι-
1311 1693 1743 1783 ᾪΫᾸ
1798 1722 1811 1773 ;

846 1783 1028 1838 dotem
1310 1784 1452 1836 dona
1487 1782 1761 1852 nuptialia

795 1890 867 1944 30
902 1890 1078 1943 minas

97 1973 243 2025 actor
288 1969 540 2039 accepit:
719 1959 1153 2051 ᾪὛ-Ᾰ
1171 1961 1257 2049 -†-
1278 1967 1429 2025 dona
1474 1972 1665 2042 nupt.;

841 2051 1026 2104 dotem

99 2143 301 2203 iniuria
345 2146 534 2219 poscit
583 2146 666 2204 10
712 2147 918 2216 minaS,
967 2150 1260 2217 tamquam
1307 2144 1460 2203 dotis
1506 2145 1767 2204 debitam
1812 2150 2063 2220 partem.

259 2305 447 2364 Actor
490 2310 688 2363 autem
732 2320 828 2363 res
873 2307 962 2362 ita
1007 2305 1300 2363 discribit:

721 2423 792 2476 30
827 2423 1366 2495 minas†mundum
1405 2423 1475 2478 10
1513 2424 1783 2479 minarum

95 2496 330 2570 Spudias
377 2503 626 2574 accepit:
717 2492 1789 2583 Q———Nf——d
1807 2494 1895 2583 -ξ-
1917 2502 2067 2560 dona
2112 2505 2305 2578 nupt.;

935 2583 1119 2637 dotem
1155 2585 1228 2639 40
1263 2584 1534 2639 minarum

1115 2691 1188 2745 30
1224 2691 1399 2744 minas

96 2770 240 2825 actor
286 2769 536 2839 accepit:
1035 2758 1467 2853 ᾺΓ-Ᾰ
1808 2766 1897 2850 -f—
1918 2768 2069 2826 dona
2113 2772 2303 2841 nupt.;

935 2850 1118 2905 dotem
1156 2853 1227 2906 30
1263 2851 1534 2904 minarum

96 2994 183 3036 suo
223 2978 416 3055 igitur
457 2980 588 3039 iure
633 2980 784 3054 petit
829 2982 913 3039 10
959 2982 1163 3054 minas,
1212 2982 1420 3054 quibus
1464 2981 1567 3040 dos
1612 2982 1988 3056 compleatur.

256 3158 422 3228 Quae
465 3158 638 3231 ratio,
685 3160 952 3231 quamvis
997 3160 1075 3217 sit
1121 3159 1440 3233 implicata,
1494 3164 1693 3217 tamen
1757 3162 1818 3217 in
1882 3162 2221 3219 universum
2287 3158 2438 3216 dilu-

97 3244 214 3303 cida
257 3254 374 3319 est;
424 3248 528 3305 sed
570 3248 770 3305 insunt
833 3249 1096 3306 nonnulli
1158 3248 1287 3321 loci,
1358 3248 1459 3321 qui
1524 3249 1687 3321 digni
1752 3265 1878 3307 esse
1940 3248 2233 3320 videntur,
2298 3263 2440 3321 quos

95 3338 412 3393 accuratius
477 3341 824 3396 tractemus:
890 3338 1234 3410 incipiamus
1307 3354 1344 3395 a
1398 3340 1599 3397 verbis
1662 3336 1755 3399 30²
1814 3332 1938 3415 ἔχω
2002 3326 2228 3415 μόνον’ν,
2291 3353 2444 3409 quae

96 3425 352 3482 mendosa
407 3441 534 3484 esse
591 3430 792 3484 censet
837 3426 1070 3484 Wolfius
1127 3426 1279 3499 apud
1337 3425 1516 3489 Dind.
1562 3428 1601 3486 l.
1650 3444 1695 3489 S.
1742 3446 1797 3501 p.
1849 3430 2048 3486 1179:
2122 3426 2263 3501 „sed
2327 3425 2444 3483 for-

97 3514 256 3570 tassis
301 3514 366 3571 in
410 3514 522 3571 hac
584 3514 941 3573 obscuritate
1005 3517 1442 3597 πανούργημά
1497 3536 1567 3577 τι
1632 3515 1974 3600 ῥητορικὸν
2040 3510 2431 3595 ἐμφωλύει.“

94 3598 243 3667 Quod
289 3604 420 3661 veri
465 3604 715 3675 speciem
762 3621 875 3661 non
920 3604 1118 3676 habet,
1164 3622 1298 3663 nam
1345 3621 1448 3662 cur
1493 3606 1959 3677 Demosthenem,
2007 3607 2107 3676 qui
2152 3606 2441 3663 rationem

93 3692 227 3747 satis
281 3692 642 3765 probabilem
706 3693 857 3766 iniit,
913 3693 1026 3752 hac
1076 3695 1139 3751 in
1193 3711 1259 3752 re
1311 3696 1551 3765 minore,
1608 3711 1725 3766 qua
1778 3698 2083 3752 contextus
2138 3694 2439 3752 obscurari

95 3792 193 3836 uon
238 3785 452 3853 potest,
499 3782 760 3839 consulto
807 3783 1006 3841 verbis
1050 3784 1241 3840 minus
1288 3784 1610 3855 perspicuis
1656 3799 1821 3841 usum
1870 3800 1997 3841 esse
2041 3781 2447 3854 arbitremur?

93 3863 281 3940 Neque
319 3870 510 3940 magis
547 3872 876 3944 probamuS,
915 3872 1066 3942 quod
1101 3871 1402 3944 proposuit
1441 3872 1717 3930 Reiskius
1755 3872 1877 3933 eod.
1916 3873 1982 3931 l.:
2021 3874 2207 3932 verba
2242 3872 2440 3945 paullo

92 3954 430 4015 insolentius
475 3959 726 4018 traiecta
779 3961 868 4017 ita
922 3960 984 4018 in
1039 3962 1464 4018 constructione
1524 3978 1651 4019 esse
1707 3961 2049 4033 ordinanda,
2115 3966 2182 4018 ut
2235 3964 2443 4039 μόνον

95 4046 476 4118 coniungatur
521 4063 648 4105 cum
693 4045 1155 4135 παραπλήσιας
1201 4052 1408 4127 μόνον
1454 4054 1649 4108 autem
1698 4051 1961 4108 subicere
2004 4051 2157 4109 hanc
2202 4056 2440 4109 senten-

95 4132 252 4197 tiam:
301 4138 511 4213 μόνον
547 4134 996 4223 παραπλήσια,
1037 4134 1254 4198 ἀλλὀὐ
1293 4135 1466 4200 πολὺ
1503 4135 1732 4213 πλείω,
1770 4129 1993 4221 &quoq
2033 4136 2191 4219 φησὶ
2228 4140 2441 4199 Σπου·

92 4218 239 4290 δίας.
315 4223 582 4297 Denique
627 4224 800 4284 Blass
838 4232 948 4289 att.
984 4226 1223 4287 Ber-eds,
1260 4227 1372 4300 III,
1417 4224 1513 4303 1‘2,
1549 4244 1604 4300 p.
1648 4230 1773 4287 252
1824 4229 1957 4287 adn.
2008 4231 2044 4287 3
2093 4229 2233 4300 loco,
2272 4243 2441 4299 quem
