3009 4859
1057 300 1500 355 -21-

112 492 308 551 ματος
352 491 388 532 a
433 475 645 531 marito
692 473 818 531 dati
863 491 978 533 non
1024 474 1206 547 venit,
1271 474 1386 533 nisi
1438 474 1537 533 hic
1589 475 1775 533 laedit
1827 477 2007 550 legeS‚
2055 494 2203 549 quae
2252 483 2463 537 extant

112 563 177 621 de
221 562 374 621 dotis
429 579 539 621 usu
583 562 778 639 fructu
833 569 896 621 et
948 563 1340 622 restitutione.
1431 564 1521 623 Ne
1575 564 1671 622 hic
1727 565 1956 637 quidem
2012 566 2083 624 de
2132 567 2459 625 antichresi

111 652 353 723 cogitari
397 657 606 726 potest,
652 668 786 710 nam
824 653 924 725 qui
960 651 1152 711 dotem
1189 653 1513 726 constituit,
1560 670 1769 711 usuras
1806 654 2033 712 omnino
2069 671 2185 713 non
2220 657 2457 729 accipit.

108 741 314 799 Mirum
369 742 522 799 enim
569 746 723 799 esset
767 742 1043 800 maritum
1087 746 1150 800 et
1194 742 1385 801 dotem
1429 744 1749 815 accepisse,
1806 748 1874 801 ut
1920 745 2046 802 eius
2090 744 2317 803 fructus
2362 762 2457 803 ca·

105 836 291 903 peret,
357 835 418 888 et
479 830 707 889 fructus
770 831 863 888 sui
924 830 1152 905 praedii
1211 832 1445 904 pignori
1510 833 1761 905 oppositi
1815 833 1869 891 ei
1930 834 2289 894 committere
2355 834 2458 907 qui

111 920 296 977 dotem
342 920 727 979 constituerit.
839 919 937 979 Ita
983 921 1035 978 si
1079 936 1176 979 res
1225 925 1395 993 esset,
1440 922 1634 979 nescio
1681 937 1785 980 cur
1829 922 1931 979 dos
1977 924 2455 981 constitueretur.

110 1009 180 1070 cf.
226 1009 474 1068 Platner
516 1008 582 1067 H
632 1011 775 1068 268.

283 1096 396 1155 Sed
440 1114 571 1156 cum
614 1097 763 1157 haec
808 1097 921 1155 duo
965 1097 1274 1172 pignorum
1322 1115 1567 1171 genera,
1624 1116 1863 1171 quorum
1909 1104 2182 1158 naturam
2194 1096 2243 1178 1)
2290 1100 2457 1159 modo

108 1188 494 1261 exposuimus,
566 1186 906 1260 plerumque
959 1188 1022 1245 in
1075 1203 1308 1246 censum
1363 1188 1629 1259 veniant,
1704 1188 1806 1246 ubi
1862 1182 2254 1270 ἀποτίμημα
2308 1206 2455 1248 com·

106 1282 484 1349 memoratur,
541 1278 700 1335 nullo
755 1277 882 1334 iure
927 1277 1265 1334 Darestium
1321 1277 1682 1347 generaliter
1724 1278 1805 1349 pl.
1842 1278 1955 1339 civ.
1992 1277 2023 1336 Ι
2066 1280 2189 1338 165
2240 1278 2372 1340 adn.
2412 1278 2453 1335 4

106 1366 466 1424 contendisse
513 1370 784 1439 apparet:
847 1366 929 1439 „il
981 1381 1057 1423 ne
1111 1366 1241 1423 faut
1285 1382 1392 1437 pas
1446 1354 1673 1424 oublier
1716 1384 1826 1439 que
1871 1363 1909 1426 l’
1924 1362 2319 1448 ἀποτίμημα
2365 1372 2461 1427 est

101 1454 292 1527 plutot
335 1470 448 1512 nne
493 1455 822 1513 antichrese
868 1454 1076 1527 qu'une
1119 1452 1547 1529 hypotheque.“

285 1543 713 1617 Nonnunquam
758 1548 952 1601 autem
996 1560 1110 1602 vox
1158 1540 1551 1627 ἀποτίμημα
1598 1543 1911 1602 adhibetur
1956 1545 2029 1603 de
2074 1544 2209 1601 aliis
2252 1545 2456 1617 pigno·

101 1649 231 1691 rum
279 1634 622 1704 generibus.
713 1633 908 1706 Atque
960 1634 1212 1706 primum
1268 1633 1500 1705 quidem
1568 1632 1707 1706 quid
1770 1650 1841 1691 ex
1906 1634 2318 1691 oratoribus
2384 1640 2457 1691 et

100 1723 700 1796 inscriptionibus
749 1721 820 1779 de
865 1722 974 1780 hoc
1018 1738 1128 1780 usu
1175 1728 1563 1795 cognoscatur
1612 1722 1939 1780 videamus:

284 1831 338 1887 1.
386 1824 863 1914 ἀποτιμήματα
901 1828 1044 1885 data
1079 1844 1222 1902 csse,
1267 1833 1336 1885 ut
1363 1830 1529 1887 bonis
1567 1828 1815 1900 publicis
1853 1833 2179 1901 caveretur,
2218 1828 2452 1888 docent:

274 1911 334 1996 a)
382 1918 432 1977 Ι.
476 1916 547 1977 G.
585 1916 650 1975 II
692 1918 859 1976 1059
900 1943 982 1968 =
1017 1917 1285 1980 Dittenb.
1341 1914 1519 1991 Syll.2
1585 1919 1739 1977 534:
1814 1917 2162 1975 Piraeenses
2238 1918 2454 1975 fundos

100 2006 374 2077 quosdam
431 2007 660 2065 elocant
717 2011 779 2063 et
832 2004 1212 2064 conductores
1266 2008 1615 2065 securitates
1670 2008 1953 2078 praebere
2006 2008 2236 2065 iubent:
2299 2006 2455 2075 τοὺς

95 2096 641 2172 μισθωσαμένους
718 2090 885 2175 ὑπὲρ
948 2096 1008 2154 Δ
1057 2092 1355 2175 δραχμὰςῐ
1405 2096 1802 2155 καθιστάναι
1878 2091 2270 2176 ἀποτίμημα
2335 2099 2450 2180 τῆς

90 2183 481 2260 μισθώσεως
528 2177 876 2262 ἀξιόχρεων
915 2195 929 2208 ·
968 2182 1120 2250 τοὺς
1156 2181 1226 2243 δὲ
1273 2178 1455 2250 ἐντὸς
1490 2186 1551 2244 Δ
1582 2182 1885 2263 δραχμῶν
1924 2178 2239 2269 ἐγγυητὴν
2286 2180 2451 2244 ἀπο-

92 2271 445 2349 διδόμενον
501 2268 581 2331 τὰ
641 2267 880 2331 ἑαυτοῦ
935 2274 1048 2355 τῆς
1101 2271 1502 2349 μισθώσεως.
1591 2271 1812 2331 Nostra
1864 2272 1972 2331 hoc
2025 2273 2149 2330 loco
2202 2275 2458 2331 interest

91 2361 416 2433 comperire
466 2355 860 2443 ἀποτίμημα
905 2361 1081 2433 posci,
1137 2376 1265 2419 cum
1317 2377 1506 2434 pagus
1562 2362 1713 2420 locet
1767 2361 2000 2434 fundos3
2058 2362 2197 2435 quid
2252 2363 2455 2421 verbis

90 2450 536 2521 insequentibus
599 2448 918 2520 indicetur,
984 2451 1314 2508 accuratius
1388 2451 1685 2523 explicare
1755 2452 2081 2523 nequimus3
2152 2453 2300 2509 satis
2370 2453 2455 2510 sit

92 2553 540 2595 commemorare
596 2554 701 2595 nos
745 2537 1048 2609 praeferre
1093 2540 1444 2597 sententiam
1510 2557 1545 2597 a
1590 2540 1963 2598 Ferdinando
2007 2540 2218 2612 Hitzig
2268 2559 2323 2614 p.
2366 2543 2449 2600 39

93 2626 417 2695 (Beauchet
459 2626 558 2685 111
608 2629 732 2686 199
781 2627 912 2686 adn.
954 2622 1018 2708 3)
1063 2628 1354 2700 prolatam
1401 2630 1482 2701 ei,
1541 2646 1713 2702 quam
1773 2630 2026 2702 probant
2070 2629 2453 2701 Francogalli

92 2717 152 2773 in
195 2716 418 2774 recueil
454 2714 486 2772 I
535 2717 663 2775 270
710 2714 1002 2793 (Dittenb.
1040 2716 1077 2777 l.
1117 2734 1163 2777 S.
1200 2717 1332 2778 adn.
1374 2714 1462 2796 6);
1494 2719 1569 2777 cf.
1607 2724 1916 2791 praeterea
1953 2714 2099 2775 ΑΡ2
2139 2720 2267 2778 724
2313 2718 2451 2779 adn.

97 2807 246 2876 7043
298 2804 636 2862 Schulthess
685 2808 829 2867 166.

269 2890 332 2974 b)
386 2892 433 2952 Ι.
462 2892 532 2955 G.
561 2893 625 2951 ΙΙ
656 2895 809 2954 570:
880 2894 1226 2952 Plothenses
1271 2912 1378 2968 per
1432 2897 1821 2965 magistratus
1876 2894 2153 2965 pecunias
2212 2900 2448 2950 mutuas

94 2980 233 3041 dare
315 2982 634 3041 decernunt
699 2984 778 3056 ei,
847 2974 913 3051 ὃς
977 2978 1080 3061 ab,
1133 2980 1370 3064 πείθῃ]
1425 2974 1577 3050 τοὺς
1641 2978 2045 3051 δανείζοντας
2108 2978 2450 3061 ἄρχοντα[ς

92 3067 436 3157 τιμή]ματι
485 3060 527 3155 ἢ
575 3064 867 3155 ἕγγυητῇ.
917 3069 1228 3145 Supplevit
1273 3066 1643 3154 [τιμή]ματι
1690 3070 1919 3143 Sauppe
1963 3072 2025 3127 in
2062 3069 2210 3132 Mus.
2258 3070 2450 3129 Rhen.

91 3162 203 3221 vol.
250 3160 340 3219 IV
390 3163 512 3219 291
565 3163 776 3234 aptiuS,
835 3176 1006 3234 quam
1052 3160 1289 3218 Boeckh
1345 3159 1404 3221 O.
1443 3159 1492 3219 I.
1524 3159 1628 3221 Gr.
1660 3160 1693 3217 I
1732 3162 1813 3219 82
1854 3177 1910 3232 p.
1953 3162 2076 3218 122
2139 3156 2453 3240 ἀρκοῦντί

95 3244 347 3328 ἀποτιμ
372 3249 574 3328 ’ματι,
629 3266 814 3321 neque
860 3250 1097 3308 dubium
1153 3254 1260 3321 est,
1318 3250 1455 3321 quin
1531 3250 1787 3330 τίμημα
1859 3250 1967 3306 hoc
2028 3250 2152 3306 loco
2217 3265 2449 3307 sensum

91 3338 310 3396 habeat
397 3338 874 3424 ποτιμήματος,
912 3340 1075 3396 cuius
1120 3354 1258 3396 usus
1303 3338 1555 3397 alterum
1593 3338 1919 3411 exemplum
1954 3341 2200 3410 praebet
2234 3338 2454 3412 Lysias

94 3432 246 3485 teste
311 3426 777 3501 Harpocratione
841 3444 887 3487 s.
926 3444 983 3487 v.
1029 3429 1311 3509 τίμημα;
1378 3427 1632 3485 fortasse
1698 3429 1875 3485 etiam
1937 3427 2194 3485 conferri
2256 3432 2451 3500 potest

91 3517 304 3574 titulus
359 3517 500 3575 Ten.
547 3516 799 3574 Newton
861 3516 1046 3577 Inscr.
1093 3517 1231 3579 brit.
1275 3515 1422 3575 Mus.
1471 3516 1534 3574 II
1603 3519 1772 3576 1883
1822 3534 1877 3574 n.
1928 3519 2050 3577 377
2118 3518 2220 3575 lin.
2272 3514 2452 3597 98:2)

274 3722 316 3791 1)
354 3728 585 3777 naturae
633 3726 1056 3794 ἀποτιμημάτων
1102 3722 1319 3789 obloqui
1366 3722 1588 3777 videtur
1635 3723 1783 3777 Dem.
1823 3721 1976 3775 XXX
2014 3723 2084 3775 26
2122 3726 2179 3775 et
2217 3723 2286 3775 29
2344 3738 2452 3787 quo

90 3792 206 3847 loco
245 3794 642 3849 Demosthenes
696 3799 1012 3866 ἀποτίμημα
1069 3794 1136 3847 ab
1183 3793 1407 3861 Aphobo
1464 3793 1692 3848 Onetori
1744 3794 1932 3847 datum
1989 3808 2098 3846 non
2151 3806 2267 3846 esse
2320 3792 2453 3847 inde

91 3865 392 3931 concludit,
448 3867 591 3934 quod
643 3866 857 3920 fructus
909 3866 1156 3935 pignoris
1209 3881 1319 3920 non
1356 3866 1562 3920 Onetor
1598 3865 1693 3919 sed
1728 3865 1986 3932 Aphobus
2021 3863 2272 3932 percipit.
2345 3864 2451 3919 Sed

89 3936 189 3990 hoc
235 3938 563 3993 consideres:
612 3937 912 3993 adversarii
957 3936 1296 3992 contendunt
1339 3936 1745 3991 matrimonium
1794 3952 1911 3991 esse
1955 3936 2221 4001 solutum,
2269 3935 2449 3990 dotem

91 4023 202 4061 non
255 4008 548 4063 redditam.
622 4010 773 4076 Quod
827 4008 875 4062 si
931 4025 1118 4063 verum
1176 4013 1345 4074 esset,
1400 4008 1597 4063 merito
1653 4008 2048 4062 Demosthenes
2104 4012 2455 4075 exspectaret

88 4079 304 4133 fructus
339 4080 585 4149 pignoris
622 4096 813 4148 capere
851 4080 1158 4135 Onetorem.
1233 4079 1299 4133 cf.
1338 4079 1569 4134 Platner
1605 4079 1664 4132 H
1700 4080 1823 4134 269.

87 4221 116 4273 I
272 4151 316 4219 θ’)
363 4150 434 4205 cf.
470 4152 673 4206 recueil
709 4152 738 4204 I
783 4168 835 4218 p.
873 4153 970 4222 823
1026 4167 1137 4205 non
1191 4157 1515 4219 receperunt
1568 4151 1666 4204 hos
1720 4164 1911 4205 versus
1968 4146 2453 4203 Collitz-Bcchtel
