3009 4859
1531 303 1977 363 -30—

567 479 922 539 dictionibus
957 480 1208 555 Spudias
1243 486 1464 541 utatur.
1528 479 1733 551 Neque
1769 495 1899 535 eum
1934 482 2101 535 recta
2136 478 2238 535 via
2275 476 2627 534 contendere
2674 474 2903 535 debitum

572 586 689 627 non
753 574 957 627 extare
1023 576 1470 627 consentaneum
1537 576 1643 639 est,
1706 584 1845 625 nam
1906 568 2017 625 hoc
2078 568 2131 623 si
2186 566 2427 637 faceret,
2482 566 2678 638 palam
2732 572 2905 624 contra

567 658 758 729 legem
804 664 1122 731 pugnaret3
1169 658 1291 715 alia
1333 660 1522 731 igitur
1574 659 1677 715 via
1730 657 2132 729 progreditur:
2189 655 2322 727 lege
2378 660 2644 712 sanctum
2699 661 2802 730 est,
2848 672 2907 713 ne

565 748 704 804 lites
749 748 871 806 sint
917 747 988 805 de
1038 747 1250 817 debito,
1297 749 1350 803 si
1395 748 1611 819 pignus
1658 744 1859 803 datum
1906 752 2013 815 est,
2060 744 2164 802 sed
2227 761 2343 802 non
2398 745 2777 802 constitutum
2819 751 2908 815 est,

567 852 642 893 ne
687 836 818 907 quis
865 842 1168 909 queratur,
1213 835 1364 909 quod
1409 838 1625 908 pignus
1670 834 1891 891 iniuria
1936 840 2235 907 acceptum
2282 835 2378 891 sit.
2462 832 2649 902 Quam
2694 835 2765 890 ob
2805 850 2905 890 rem

568 922 839 997 Spudias,
902 931 970 982 ut
1031 943 1104 983 ex
1169 924 1559 997 compluribus
1624 924 1905 981 orationis
1968 923 2113 980 locis
2174 924 2574 994 cognoscitur,
2642 923 2909 979 contendit

565 1022 824 1071 actorem
877 1016 1090 1086 pignus
1145 1030 1253 1087 per
1297 1013 1563 1071 fraudem
1600 1014 1895 1085 accepisse
1950 1013 2053 1083 ita,
2112 1017 2179 1069 ut
2234 1018 2296 1069 et
2350 1013 2475 1083 ipse
2522 1016 2585 1068 et
2628 1010 2911 1087 Polyeucti

569 1119 717 1159 uxor
762 1101 1148 1175 Polyeuctum
1191 1119 1387 1161 senem
1435 1104 1781 1160 moriturum
1826 1101 2213 1173 impellerent,
2258 1104 2326 1157 ut
2369 1117 2474 1172 per
2516 1104 2906 1157 testamentum

569 1193 786 1265 pignus
834 1191 1023 1263 daret,
1070 1208 1416 1263 quamquam
1463 1192 1767 1265 pecuniam
1806 1207 1917 1248 non
1956 1189 2213 1248 deberet.
2268 1187 2341 1265 ἐξ
2382 1192 2484 1259 12,
2526 1191 2607 1248 16
2650 1180 2912 1267 ὑπ’ἐμοῑι

567 1280 957 1356 πεισθέντα,
1003 1278 1040 1355 ἓ
1090 1282 1199 1339 19:
1247 1279 1511 1347 δικαίως
1554 1278 1665 1339 καὶ
1730 1275 2347 1359 προςοφειλομὲνων
2406 1273 2789 1359 ἀπετίμησε,
2834 1310 2911 1317 -

569 1363 640 1427 εἴ
671 1385 740 1444 γε
780 1367 1040 1435 δικαίως
1070 1364 1478 1453 ἀπετιμήθη.
1534 1369 1715 1439 Quod,
1753 1376 1821 1425 ut
1854 1368 2145 1425 iudicibus
2182 1367 2555 1440 persuadeat,
2592 1367 2645 1423 si
2682 1366 2913 1439 Spudiae

566 1458 902 1529 contigerit,
971 1457 1208 1515 dubium
1265 1465 1369 1528 est,
1427 1475 1502 1515 an
1558 1458 1773 1515 actoris
1828 1473 2007 1515 causa
2059 1458 2273 1515 bonum
2324 1461 2603 1514 eventum
2659 1456 2914 1513 habitura

567 1547 668 1619 sit,
713 1563 849 1605 nam
896 1544 1145 1620 Spudias
1189 1563 1514 1619 provocare
1557 1547 1796 1604 videtur
1841 1546 1917 1602 ad
1964 1545 2153 1617 legem
2200 1546 2383 1603 latam
2438 1545 2511 1603 de
2564 1546 2911 1603 testamentis

564 1635 758 1692 irritis
803 1637 1018 1708 optime
1065 1641 1364 1694 servatam
1395 1636 1551 1708 apud
1590 1629 1797 1715 [Dem.]
1836 1635 2059 1708 XLVI,
2103 1636 2201 1705 14,
2242 1636 2483 1692 brevius
2520 1633 2676 1707 apud
2714 1634 2917 1706 Hyper

568 1740 620 1782 c.
663 1723 878 1785 Athen.
926 1725 1036 1781 col.
1080 1724 1232 1781 VIII
1279 1722 1316 1799 ξ
1366 1729 1484 1783 17·
1497 1718 1601 1804 (cf.
1640 1726 1886 1783 Aristot
1927 1725 1997 1781 de
2034 1740 2158 1796 rep.
2197 1724 2412 1781 Athen.
2456 1722 2590 1798 35);
2632 1724 2693 1779 in
2718 1724 2917 1799 primis

564 1812 743 1872 velim
779 1815 1036 1872 animum
1069 1813 1342 1873 intendas
1379 1815 1440 1871 in
1476 1814 1624 1871 haec
1658 1814 1813 1885 legis
1842 1814 2027 1871 verba
2052 1804 2131 1893 ,ἢ
2164 1812 2368 1896 γήρως
2395 1801 2437 1892 ἢ
2456 1804 2913 1881 v6001›.‘s‘vexa“‚

569 1902 825 1960 fortasse
887 1904 1066 1959 etiam
1129 1903 1244 1959 huc
1305 1904 1568 1974 pertinet
1637 1893 1715 1982 „v'l'
1781 1920 2041 1977 γυναικί
2106 1902 2576 1978 πειθόμενοςιι.
2696 1899 2804 1958 Sed
2872 1900 2915 1955 si
3002 1930 3004 1937 ·

568 1990 820 2063 Spudias
873 1991 1365 2049 demonstraverit
1419 1996 1828 2049 testamentum
1884 2007 2015 2049 esse
2077 1992 2331 2062 irritum,
2394 2006 2513 2047 una
2578 1989 2920 2047 demonstra·

568 2081 727 2137 verit
769 2080 986 2153 pignus
1030 2084 1380 2137 testamento
1428 2080 1629 2137 datum
1674 2097 1893 2140 vanum
1939 2096 2065 2137 esse
2114 2084 2173 2137 et
2228 2078 2437 2137 deinde
2492 2080 2549 2135 ei
2602 2079 2801 2136 licebit
2856 2078 2917 2133 de

568 2168 767 2226 debito
811 2170 938 2242 ipso
985 2174 1244 2226 certare:
1288 2170 1480 2239 legem
1526 2170 1680 2227 enim
1724 2180 1852 2227 non·
1884 2169 2087 2241 laedit,
2134 2185 2268 2227 nam
2314 2170 2530 2241 pignus
2573 2185 2681 2241 pro
2735 2167 2921 2225 debito

565 2256 768 2316 datum
813 2257 962 2314 nihil
1006 2260 1126 2315 iam
1170 2257 1351 2317 valet.

750 2389 948 2462 Atque
990 2390 1141 2462 quod
1187 2390 1481 2448 nonnullis
1529 2391 1807 2448 orationis
1852 2391 1996 2448 locis
2042 2391 2157 2448 nisi
2229 2390 2592 2463 suspicamur
2656 2388 2920 2462 Spudiam

569 2479 917 2536 contendere
961 2483 1373 2537 testamentum
1419 2496 1546 2537 esse
1592 2481 1843 2550 irritum,
1901 2480 2086 2539 verba
2141 2478 2175 2555 g
2226 2482 2306 2538 19
2368 2478 2450 2546 ὡς
2505 2477 2767 2546 δικαίως
2822 2475 2919 2537 καὶ

564 2564 1180 2646 προςοφειλομένων
1228 2563 1597 2649 ἀπετίμησέ
1632 2588 1750 2647 μοι
1788 2564 1909 2653 τὴν
1946 2563 2160 2628 οικίαν
2200 2567 2235 2626 ὁ
2272 2564 2689 2635 Πολύευκτος
2724 2568 2924 2625 melius

564 2656 924 2714 intellexisse
988 2658 1152 2714 nobis
1211 2652 1484 2715 videmur
1548 2674 1722 2729 quam
1785 2656 2021 2729 Szant0,
2086 2658 2186 2729 qui
2250 2673 2449 2714 vocem
2534 2652 2923 2737 ἀποτίμημα
3006 2668 3008 2745 3

563 2761 832 2817 premens
886 2745 1073 2802 locum
1127 2747 1217 2803 ita
1271 2746 1699 2818 interpretatus
1756 2751 1861 2817 est,
1918 2746 2097 2806 arch.-
2079 2764 2187 2819 -ep
2235 2745 2313 2803 M.
2358 2764 2415 2819 p.
2468 2749 2621 2804 111:
2684 2745 2929 2819 Spudias
3006 2754 3008 2761 '

565 2833 966 2892 demonstrare
1011 2834 1209 2892 studet
1266 2830 1681 2917 ἀποτίμημα,
1728 2834 1767 2893 ι.
1815 2851 1863 2893 e.
1910 2837 2123 2906 pignus
2184 2835 2519 2908 privilegiis
2586 2835 2925 2907 quibusdam

565 2927 905 2981 exornatum
951 2925 1137 2981 actori
1175 2924 1373 2981 datum
1402 2940 1547 2999 esse,
1576 2940 1921 2996 quamquam
1957 2926 2171 2998 pignus
2207 2924 2467 2995 simplex,
2507 2929 2574 2980 ut
2609 2924 2718 2981 hoc
2754 2924 2933 2981 verbo

564 3018 719 3083 utar,
767 3014 1163 3084 praebendum
1209 3020 1363 3071 erat:
1411 3014 1613 3085 itaque
1658 3015 1873 3086 pignus
1919 3015 2153 3069 irritum
2199 3019 2305 3071 est.
2381 3012 2558 3070 Cuius
2605 3008 2933 3070 sententiae

564 3100 1006 3158 fundamentum
1042 3107 1204 3159 recte
1249 3103 1503 3174 positum
1542 3118 1669 3159 esse
1706 3118 2006 3172 negamus,
2045 3107 2112 3158 ut
2148 3118 2327 3173 supra
2362 3103 2511 3158 satis
2548 3103 2939 3174 exposuimuS,

563 3206 698 3247 nam
743 3191 902 3247 notio
951 3185 1349 3271 ἀποτίμημα
1395 3208 1511 3248 ιιοιι
1565 3196 1688 3248 tam
1744 3192 2015 3261 angustis
2078 3190 2297 3247 finibus
2354 3192 2703 3264 continetur,
2760 3207 2937 3263 quam

567 3278 784 3336 Szanto
832 3280 1157 3337 arbitratus
1203 3286 1308 3339 est.

747 3411 944 3482 Atque
991 3410 1193 3469 eadem
1241 3411 1313 3469 de
1359 3428 1541 3469 causa
1577 3413 1727 3469 hanc
1763 3413 1953 3483 legem
1996 3413 2287 3485 respicere
2332 3428 2529 3469 omnes
2571 3412 2943 3485 hypothecas

566 3499 905 3557 existimare
967 3500 1136 3563 licet:
1201 3516 1398 3558 omnes
1461 3501 1827 3573 hypothecae
1900 3518 2109 3558 nomen
2186 3495 2582 3580 ἀποτίμημα
2656 3501 2945 3559 habuisse

565 3588 845 3647 videntur
891 3605 958 3647 eo
1004 3594 1280 3662 tempore,
1329 3606 1439 3661 quo
1485 3590 1581 3648 lex
1626 3592 1752 3647 lata
1798 3595 1905 3662 est,
1961 3606 2148 3661 neque
2202 3606 2317 3647 non
2372 3590 2448 3646 ad
2502 3606 2701 3648 omnes
2753 3590 2947 3664 hypo-

566 3677 768 3735 thecas
805 3679 1075 3751 quadrat,
1115 3679 1265 3750 quod
1303 3679 1435 3751 lege
1471 3680 1909 3751 praescribitur.
1976 3679 2175 3750 Neque
2214 3679 2334 3735 alia
2370 3678 2633 3750 plerique
2671 3681 2948 3736 virorum

567 3766 882 3839 doctorum,
931 3769 1030 3839 qui
1076 3769 1268 3839 legem
1313 3769 1693 3840 interpretati
1750 3776 1906 3841 sunt,
1961 3769 2253 3825 censuisse
2309 3767 2604 3839 videntur,
2661 3784 2801 3824 nam
2865 3770 2951 3824 lo-

568 3861 826 3926 quuntur
864 3856 1226 3928 generaliter
1263 3856 1334 3914 de
1371 3859 1716 3928 pignoribus
1754 3853 2026 3935 (Platner
2064 3856 2145 3927 II,
2188 3858 2347 3936 3063
2384 3856 2701 3927 Dernburg
2735 3856 2794 3928 I,
2834 3860 2947 3927 743

564 3939 715 4001 AP‘·'·
781 3946 937 4015 836;
1002 3944 1214 4015 Hitzig
1275 3944 1428 4021 137)
1492 3952 1598 4002 aut
1663 3946 1732 4001 de
1788 3946 2131 4019 hypothecis
2196 3940 2523 4023 (Beauchet
2567 3945 2689 4017 III,
2764 3942 2951 4027 281).

564 4031 839 4104 Seiungit
868 4033 1097 4104 quidem
1130 4029 1604 4117 ἄποτιμήματα
1626 4052 1662 4091 a
1683 4036 1893 4091 ceteris
1921 4035 2263 4107 hypothecis
2285 4034 2765 4092 Biichsenschiitz
2788 4038 2958 4110 491,

564 4138 692 4178 cum
758 4138 827 4179 ex
893 4138 1001 4179 sua
1063 4124 1551 4194 interpretatione
1615 4124 1761 4180 haec
1826 4123 1984 4180 dicat
2056 4123 2188 4201 „die
2255 4118 2733 4208 ἇποτιμήματα
2812 4126 2959 4181 sind

565 4210 707 4266 aber
761 4211 822 4266 in
876 4210 1068 4267 dieser
1113 4210 1389 4268 Hinsicht
1437 4212 1548 4269 den
1594 4212 1989 4285 Hypotheken
2036 4212 2229 4283 gleich
2277 4228 2353 4270 zu
2400 4208 2647 4270 achten“
2701 4208 2969 4287 (eadem.
