3009 4859
1518 293 1963 350 -38—

748 475 804 529 1.
868 470 1126 544 phialam
1161 471 1324 528 illam
1359 468 1707 541 Demophilo
1753 469 1981 526 cuidam
2025 470 2263 542 pignori
2309 468 2611 540 dederunt,
2658 470 2755 541 qui
2789 487 2903 527 eam

557 562 744 619 etiam
787 576 942 617 nunc
985 560 1048 616 in
1093 560 1450 631 possessione
1495 557 1715 615 habere
1762 558 2013 618 videtur.
2106 559 2325 630 Agitur
2372 560 2525 617 0111111
2570 560 2639 616 de
2674 560 2906 631 pignore
3001 614 3004 618 .

561 652 626 707 in
671 665 904 707 manum
948 649 1168 706 tradito
1215 640 1663 728 (Faustpfand):
1712 663 1807 704 res
1844 649 2230 719 oppignerata
2265 650 2325 705 in
2362 648 2667 705 creditoris
2702 665 2905 721 posses-
2986 703 2993 706 .

563 740 725 796 sione
781 742 902 809 est,
958 738 1230 809 quamdiu
1282 737 1541 794 debitum
1590 742 1779 807 extat3
1838 737 1915 795 cf.
1950 736 2161 807 Hitzig
2203 754 2297 809 pp.
2340 740 2441 809 94,
2485 740 2629 796 115.
2723 740 2903 809 Atque
2984 792 2991 796 .

565 844 684 885 una
737 844 864 884 cum
919 826 1121 900 phiala
1177 826 1428 899 Spudias
1492 826 1725 904 χρυσία
1780 824 2126 898 Demophilo
2190 826 2632 897 oppigneravit,
2696 826 2795 883 sed
2845 844 2907 883 ea

567 932 792 989 quoque
837 933 874 973 a
919 916 1228 989 Polyeucti
1289 931 1470 973 uxore
1536 914 1678 971 data
1737 930 1864 971 esse
1927 922 1987 971 et
2045 915 2117 971 ab
2184 924 2381 972 actore
2425 917 2652 987 reposci
2699 934 2769 973 ex
2810 916 2909 973 De·

566 1005 887 1063 mosthenis
936 1007 1134 1063 verbis
1179 1020 1292 1061 non
1340 1004 1739 1075 cognoscitur,
1786 1004 1925 1075 quin
1964 1006 2157 1075 etiam,
2204 1022 2279 1062 ne
2322 1003 2434 1061 hoc
2476 1011 2770 1076 putemus,
2813 1006 2907 1061 im·
2983 1016 2985 1018 ’

564 1094 896 1167 pedimento
959 1099 1097 1151 sunt
1158 1095 1344 1153 verba
1407 1090 1527 1153 οὐκ
1594 1084 2026 1173 ἀνενηνόχασι
2090 1093 2555 1171 κεκομισμένοι
2600 1113 2691 1154 τα
2706 1096 2902 1175 ύτην;
2984 1153 2986 1155 ,

563 1200 685 1255 qua
720 1182 791 1240 de
827 1199 894 1241 re
931 1189 1284 1241 erraverunt
1321 1182 1634 1240 Caillemer
1668 1181 1756 1239 Le
1792 1182 1949 1238 droit
1984 1182 2057 1239 de
2094 1198 2340 1243 success,
2386 1182 2556 1253 legit.
2592 1186 2628 1239 a
2665 1183 2909 1241 Atheues
2982 1243 2989 1246 „

572 1274 741 1332 1879
789 1290 844 1345 p.
887 1274 1041 1344 200,
1095 1288 1266 1344 quem
1311 1273 1576 1344 sequitur
1620 1270 1919 1328 Beauchet
1962 1271 2061 1328 III
2109 1272 2265 1343 650;
2324 1271 2526 1330 Naber
2569 1273 2632 1330 111
2679 1271 2907 1329 Mnemo-
2986 1307 3004 1335 μ

559 1378 694 1435 syn.
743 1362 855 1422 vol.
895 1316 1150 1419 XXXII
1194 1353 1425 1442 (1904)
1470 1377 1526 1433 p.
1571 1364 1671 1418 11.

749 1453 807 1507 2.
872 1449 1116 1535 σκηνήν
1151 1453 1529 1523 acceperunt:
1576 1451 1739 1505 cuius
1785 1452 1945 1507 vocis
1992 1466 2141 1522 quae
2186 1451 2347 1507 notio
2394 1450 2491 1523 sit,
2537 1466 2655 1508 11011
2702 1455 2906 1507 constat
2976 1485 3004 1520 4

567 1538 957 1611 Harpocratio
1003 1555 1048 1595 s,
1088 1556 1144 1597 v.
1194 1538 1393 1623 σκηνή
1441 1537 1709 1595 adnotat:
1766 1532 1943 1598 ἔοικε
1989 1538 2061 1599 δὲ
2109 1543 2336 1606 σκεῦός
2381 1559 2447 1598 τι
2494 1527 2702 1615 εἶναι,
2756 1537 2905 1617 ὅπερ
2991 1602 2992 1605 ,

570 1623 634 1688 οἱ
698 1624 825 1706 μὲν
869 1631 1114 1706 κόσμον
1159 1624 1310 1687 τινὰ
1354 1632 1731 1703 γυναικεῖον
1786 1616 1963 1688 εἶναί
2023 1643 2252 1706 φασιν,
2317 1623 2381 1687 οἱ
2444 1626 2513 1688 δὲ
2580 1627 2907 1688 σκιάδειον
2988 1675 2993 1679 .

565 1716 642 1777 cf.
688 1715 962 1774 Photium
1008 1734 1056 1777 s,
1101 1718 1226 1776 eod.
1273 1734 1330 1776 v.
1377 1723 1438 1774 et
1483 1716 1677 1789 Etym.
1724 1716 1919 1787 Magn.
1966 1734 2023 1790 p.
2066 1720 2213 1791 716,
2254 1719 2366 1789 533
2422 1718 2645 1774 similia
2691 1718 2907 1775 Bekker

571 1806 776 1864 anecd.
822 1805 855 1862 I
905 1808 1060 1866 303:
1111 1853 1126 1867 .
1174 1850 1189 1863 .
1239 1853 1254 1867 .
1300 1801 1364 1864 οἱ
1411 1801 1480 1865 δὲ
1528 1794 1696 1873 εἶδος
1740 1809 1987 1884 κόσμου
2034 1807 2427 1881 γυναικείου,
2474 1802 2537 1865 οἱ
2586 1804 2659 1867 δὲ
2707 1808 2909 1871 σκεῦός
3002 1846 3004 1849 ⁴

569 1915 633 1955 τι
682 1892 851 1954 οὕτω
899 1891 1325 1972 καλούμενον.
1333 1887 1385 1974 1)
1476 1893 1679 1951 Naber
1724 1900 1915 1953 autem
1970 1896 2402 1967 lexicographis
2457 1895 2631 1953 fidem
2682 1896 2907 1966 denegat

568 1984 607 2041 1.
647 1998 692 2042 s.
705 2004 718 2039 :
774 1983 960 2057 „Mihi
1003 1984 1200 2041 crede:
1247 1984 1677 2055 Harpocration
1724 2000 1837 2041 non
1876 1987 2067 2055 magis
2104 1990 2292 2058 norat,
2340 1985 2478 2057 quid
2516 1990 2677 2043 esset
2715 1982 2997 2067 σκηνή,

565 2088 741 2144 quam
787 2078 852 2129 tu
898 2073 997 2131 vel
1043 2070 1214 2144 ego“,
1270 2075 1332 2130 in
1391 2075 1595 2145 primis
1651 2074 1805 2145 quod
1850 2073 2092 2157 σκευήν
2144 2067 2343 2154 (quam
2399 2077 2782 2131 mutationem
2822 2089 2910 2145 per
2992 2070 2995 2072 ’

567 2178 634 2220 se
681 2164 828 2219 satis
872 2161 1060 2219 lenem
1103 2155 1429 2242 proposuit)
1466 2162 1847 2220 Demostheni
1884 2179 2013 2220 esse
2057 2163 2413 2220 reddendam
2458 2164 2573 2220 sibi
2618 2163 2907 2235 persuasit.

569 2250 752 2307 Nobis
796 2268 911 2308 non
955 2250 1194 2309 videtur
1237 2267 1381 2323 esse,
1430 2268 1533 2307 cur
1578 2257 1865 2308 mutemus
1910 2252 2061 2323 quod
2098 2252 2383 2309 traditum
2428 2257 2536 2324 est,
2583 2252 2907 2324 praesertim
2988 2274 2995 2282 ·

563 2355 697 2397 cum
751 2339 923 2397 lectio
981 2340 1177 2425 σκευή
1233 2342 1318 2397 eis
1377 2343 1765 2412 argumentis,
1832 2358 1983 2413 quae
2047 2341 2242 2398 adfert
2296 2340 2523 2415 Naber,
2588 2358 2709 2399 non
2780 2357 2908 2397 com·

568 2429 863 2501 probetur.
870 2424 922 2507 2)
1019 2430 1147 2501 „Ex
1195 2434 1467 2486 contextu
1514 2431 1661 2486 satis
1708 2435 1952 2502 apparet
1997 2429 2069 2487 de
2112 2432 2322 2488 mundo
2359 2430 2635 2487 muliebri
2674 2431 2767 2488 hic
2808 2445 2905 2486 ser·
2983 2453 3002 2495 χ

567 2534 792 2576 1110110111
838 2518 984 2577 fieri.
995 2518 1022 2547 “
1122 2518 1332 2575 Nescio
1377 2518 1531 2575 unde
1575 2519 1683 2575 hoc
1728 2521 2087 2590 cognoverit.
2185 2520 2368 2592 „Rem
2424 2520 2792 2577 confirmabit
2834 2534 2906 2574 ar·
2979 2566 2981 2569 ,

562 2609 831 2677 gumenti
879 2612 1106 2678 auctor3
1149 2609 1362 2664 etenim
1401 2611 1565 2664 actor
1602 2601 2049 2667 ἐπιδείκνυσιν
2086 2608 2170 2675 ώς
2185 2564 2535 2676 ’,Σπουδίας
2574 2608 2904 2705 ψεύδεται·
2992 2634 2999 2672 3

571 2687 688 2763 τὰς
733 2693 860 2773 μὲν
906 2692 1028 2775 γὰρ
1067 2697 1418 2777 τριάκοντα
1453 2699 1623 2773 μνᾶς
1670 2694 1873 2756 αὐτὸν
1921 2691 1993 2758 ἐν
2030 2689 2285 2779 αργύρῳ
2325 2696 2492 2798 φησὶ
2520 2694 2767 2777 λαβεῖν,
2810 2687 2907 2761 τὰς

559 2781 638 2844 δὲ
687 2774 819 2844 δέκ’
842 2778 914 2845 ἐν
960 2780 1313 2863 ἱματίοις
1357 2782 1468 2845 καὶ
1513 2785 1816 2866 χρυσίοις,
1864 2777 1907 2844 ἃ
1952 2784 2064 2846 καὶ
2099 2783 2406 2854 πλείονος
2452 2776 2493 2869 ἡ
2541 2785 2698 2848 δέκα
2744 2793 2906 2864 μνῶν
2984 2808 2995 2845 ·.

565 2862 739 2934 εἶναι
783 2874 989 2945 ἄξιαῇ*
1090 2891 1314 2947 argum.
1362 2873 1397 2950 ξ
1439 2878 1495 2933 2.
1573 2874 1734 2944 Quae
1790 2876 1973 2933 verba
2027 2878 2217 2947 petita
2273 2882 2411 2933 sunt
2456 2893 2527 2933 ex
2574 2874 2609 2951 ξ
2655 2880 2764 2947 27,
2820 2871 2906 2931 sed
2970 2896 2993 2935 s„-

561 2963 674 3019 illa
718 2959 949 3040 ἱμάτια
995 2969 1153 3023 certe
1200 2981 1316 3022 non
1360 2964 1673 3022 referenda
1730 2969 1864 3021 sunt
1912 2964 1986 3021 ad
2033 2965 2183 3023 hanc
2230 2964 2468 3050 σκευήν
2514 2964 2752 3023 Nabero
2784 2980 2905 3036 pro·
2973 2984 2990 3015 ·.

565 3053 783 3109 batam:
841 3053 945 3109 illo
990 3053 1114 3109 loco
1161 3058 1324 3111 actor
1370 3052 1733 3112 demonstrat
1778 3044 1859 3112 τὰ
1908 3048 2142 3131 ἱμάτια
2188 3052 2445 3127 Spudiae
2491 3055 2616 3111 doti
2664 3071 2789 3112 esse
2824 3050 2904 3108 ad·
2968 3086 2980 3111 s.

563 3141 714 3213 dita3
761 3141 1038 3214 quomodo
1084 3141 1205 3214 fiat,
1253 3147 1321 3199 ut
1364 3142 1472 3200 hoc
1517 3143 1642 3199 loco
1688 3141 1961 3214 postulet,
2009 3148 2074 3200 ut
2112 3143 2313 3201 eadem
2350 3139 2582 3221 ιμάτια
2622 3142 2904 3201 conferan·

557 3236 660 3287 tur
703 3232 766 3287 in
810 3224 1240 3289 hereditatem?
1332 3230 1542 3302 Itaque
1596 3233 1917 3288 retinemus
1974 3248 2174 3289 vocem
2222 3232 2494 3318 σκηνήν,
2556 3246 2903 3315 quamquam,
2972 3248 2985 3289 1

565 3319 710 3391 quid
755 3319 1066 3390 significet,
1112 3336 1228 3377 non
1272 3320 1447 3393 plane
1495 3324 1761 3392 apparet.
2959 3321 2967 3336 ¹

745 3409 799 3465 3.
865 3407 1078 3464 multas
1132 3408 1284 3466 alias
1337 3425 1462 3466 res:
1529 3426 1678 3481 quae
1731 3425 1805 3466 110
1859 3410 2057 3467 nullae
2116 3412 2261 3483 sint,
2310 3412 2513 3486 timeo;
2580 3426 2713 3467 nam
2764 3413 2907 3465 actor

557 3496 948 3555 libentissime
994 3498 1258 3570 exempla
1302 3494 1642 3577 cumularet,
1689 3500 1741 3555 si
1786 3497 1916 3555 fieri
1960 3504 2171 3571 posset.

738 3586 935 3658 Atque
981 3593 1118 3644 sunt
1162 3588 1263 3659 qui
1307 3587 1592 3659 phialam,
1660 3586 1930 3671 σκηνήν,
1998 3592 2222 3645 ceteras
2286 3604 2382 3646 res
2447 3591 2909 3647 commemoratas

737 3794 779 3864 ²)
833 3793 1207 3849 umbraculum
1272 3810 1404 3849 voce
1471 3796 1643 3865 σκηνή
1709 3794 2009 3862 significari
2073 3794 2323 3849 iudicant
2388 3794 2645 3849 Schaefer
2705 3793 2767 3845 in
2832 3790 2907 3846 ed.

557 3864 727 3921 Lond.
765 3865 877 3919 VII
912 3882 963 3933 p.
1003 3867 1096 3932 593
1162 3865 1472 3935 scherling:
1522 3867 1589 3921 de
1629 3867 1777 3921 vocis
1815 3867 1985 3936 σκηνή
2020 3871 2286 3933 quantum
2325 3866 2393 3919 ad
2431 3866 2711 3920 theatrum
2751 3864 2907 3917 Grae·

553 3952 682 3989 cum
717 3937 960 4003 pertinet
995 3937 1396 4026 significatione
1436 3944 1494 3992 et
1531 3954 1650 4004 usu,
1691 3938 1819 3991 diss,
1860 3938 2138 4007 Marburg.
2182 3938 2320 3992 1906
2357 3954 2409 4006 p.
2449 3938 2499 3993 7.
2540 3966 2607 3977 ·--
2646 3938 2725 3990 De
2765 3939 2907 3988 veste

551 4013 774 4061 mutata
838 4009 1040 4078 σκηνήν
1103 4008 1410 4064 invenimus
1475 4011 1623 4076 apud
1676 4009 2042 4077 Nicephorum
2094 4009 2289 4075 BasiL,
2347 4008 2505 4063 Walz
2560 4009 2704 4063 rhet.
2746 4008 2838 4061 Gr.
2884 4003 2908 4055 I

554 4096 607 4145 p.
647 4079 827 4132 4271.
868 4080 940 4132 20
977 4080 1253 4133 014281.
1292 4082 1377 4135 15.
2949 4130 2951 4135 .

735 4150 777 4217 ²)
813 4150 950 4204 Post
987 4150 1261 4204 Naberum
1318 4150 1552 4205 coniecit
1610 4152 1805 4223 σκευήν
1861 4150 2065 4207 eisdem
2106 4151 2283 4205 causis
2331 4156 2610 4219 permotus
2649 4148 2907 4204 Richards
2949 4152 2951 4155 ’

551 4218 724 4273 Closs,
763 4221 915 4277 Rew.
954 4221 1086 4275 XIX
1122 4221 1306 4291 (1905)
1342 4239 1392 4290 p.
1433 4223 1556 4277 200.
