<?xml version="1.0" encoding="UTF-8"?>
<!DOCTYPE html PUBLIC "-//W3C//DTD XHTML 1.0 Transitional//EN"
    "http://www.w3.org/TR/xhtml1/DTD/xhtml1-transitional.dtd">
<html xmlns="http://www.w3.org/1999/xhtml" xml:lang="en" lang="en">
 <head>
  <title>
</title>
<meta http-equiv="Content-Type" content="text/html;charset=utf-8" />
  <meta name='ocr-system' content='tesseract 3.04.00' />
  <meta name='ocr-capabilities' content='ocr_page ocr_carea ocr_par ocr_line ocrx_word'/>
</head>
<body>
  <div class='ocr_page' id='page_1' title='image "./decausaorationi00burggoog_0040.png"; bbox 0 0 3009 4859; ppageno 0'>
   <div class='ocr_carea' id='block_1_1' title="bbox 1505 266 1953 325">
    <p class='ocr_par' dir='ltr' id='par_1_1' title="bbox 1505 266 1953 325">
     <span class='ocr_line' id='line_1_1' title="bbox 1505 266 1953 325; baseline 0 -18"><span class='ocrx_word' id='word_1_1' title='bbox 1505 266 1953 325; x_wconf 75' lang='lat'><strong>..35—</strong></span> 
     </span>
    </p>
   </div>
   <div class='ocr_carea' id='block_1_2' title="bbox 553 439 2892 963">
    <p class='ocr_par' dir='ltr' id='par_1_2' title="bbox 553 439 2892 963">
     <span class='ocr_line' id='line_1_2' title="bbox 554 439 2888 524; baseline -0.002 -20"><span class='ocrx_word' id='word_1_2' title='bbox 554 462 698 505; x_wconf 87' lang='lat' dir='ltr'><strong>vero</strong></span> <span class='ocrx_word' id='word_1_3' title='bbox 741 445 962 503; x_wconf 88' lang='lat' dir='ltr'><strong>habent</strong></span> <span class='ocrx_word' id='word_1_4' title='bbox 1004 445 1190 504; x_wconf 84' lang='lat' dir='ltr'><strong>verba</strong></span> <span class='ocrx_word' id='word_1_5' title='bbox 1234 446 1558 524; x_wconf 84' lang='grc' dir='ltr'><strong><em>παρόντες</em></strong></span> <span class='ocrx_word' id='word_1_6' title='bbox 1601 439 1735 503; x_wconf 86' lang='grc' dir='ltr'><strong><em>κτλ.</em></strong></span> <span class='ocrx_word' id='word_1_7' title='bbox 1791 442 2105 501; x_wconf 78' lang='lat' dir='ltr'><strong>referenda</strong></span> <span class='ocrx_word' id='word_1_8' title='bbox 2150 459 2281 501; x_wconf 83' lang='lat' dir='ltr'><strong>esse</strong></span> <span class='ocrx_word' id='word_1_9' title='bbox 2328 442 2405 501; x_wconf 86' lang='lat' dir='ltr'><strong>ad</strong></span> <span class='ocrx_word' id='word_1_10' title='bbox 2446 443 2667 501; x_wconf 79' lang='lat' dir='ltr'><strong>fratres</strong></span> <span class='ocrx_word' id='word_1_11' title='bbox 2710 450 2774 500; x_wconf 90' lang='lat' dir='ltr'><strong>ut</strong></span> <span class='ocrx_word' id='word_1_12' title='bbox 2813 444 2888 501; x_wconf 88' lang='lat' dir='ltr'><strong>vi-</strong></span> 
     </span>
     <span class='ocr_line' id='line_1_3' title="bbox 556 532 2887 613; baseline -0.001 -21"><span class='ocrx_word' id='word_1_13' title='bbox 556 534 705 593; x_wconf 84' lang='lat' dir='ltr'><strong>duae</strong></span> <span class='ocrx_word' id='word_1_14' title='bbox 749 534 1038 613; x_wconf 86' lang='grc' dir='ltr'><strong><em>κυρίους;</em></strong></span> <span class='ocrx_word' id='word_1_15' title='bbox 1103 538 1169 590; x_wconf 91' lang='lat' dir='ltr'><strong>at</strong></span> <span class='ocrx_word' id='word_1_16' title='bbox 1211 532 1434 591; x_wconf 81' lang='lat' dir='ltr'><strong>fratres</strong></span> <span class='ocrx_word' id='word_1_17' title='bbox 1477 548 1595 591; x_wconf 88' lang='lat' dir='ltr'><strong>non</strong></span> <span class='ocrx_word' id='word_1_18' title='bbox 1637 532 1750 605; x_wconf 88' lang='lat' dir='ltr'><strong>ipsi</strong></span> <span class='ocrx_word' id='word_1_19' title='bbox 1797 538 2244 603; x_wconf 85' lang='lat' dir='ltr'><strong>contraxerunt,</strong></span> <span class='ocrx_word' id='word_1_20' title='bbox 2302 532 2405 590; x_wconf 89' lang='lat' dir='ltr'><strong>sed</strong></span> <span class='ocrx_word' id='word_1_21' title='bbox 2450 534 2640 589; x_wconf 88' lang='lat' dir='ltr'><strong>sorori</strong></span> <span class='ocrx_word' id='word_1_22' title='bbox 2683 538 2887 590; x_wconf 87' lang='lat' dir='ltr'><strong>contra·</strong></span> 
     </span>
     <span class='ocr_line' id='line_1_4' title="bbox 553 621 2889 695; baseline -0.001 -14"><span class='ocrx_word' id='word_1_23' title='bbox 553 624 721 681; x_wconf 90' lang='lat' dir='ltr'><strong>henti</strong></span> <span class='ocrx_word' id='word_1_24' title='bbox 768 623 1178 680; x_wconf 84' lang='lat' dir='ltr'><strong>auctoritatem</strong></span> <span class='ocrx_word' id='word_1_25' title='bbox 1223 622 1671 695; x_wconf 86' lang='lat' dir='ltr'><strong>praestiterunt;</strong></span> <span class='ocrx_word' id='word_1_26' title='bbox 1720 622 1794 679; x_wconf 88' lang='lat' dir='ltr'><strong>cf.</strong></span> <span class='ocrx_word' id='word_1_27' title='bbox 1840 622 2095 679; x_wconf 85' lang='lat' dir='ltr'><strong>Dareste</strong></span> <span class='ocrx_word' id='word_1_28' title='bbox 2139 622 2219 695; x_wconf 90' lang='lat' dir='ltr'><strong>pl.</strong></span> <span class='ocrx_word' id='word_1_29' title='bbox 2266 622 2379 679; x_wconf 86' lang='lat' dir='ltr'><strong>civ.</strong></span> <span class='ocrx_word' id='word_1_30' title='bbox 2424 621 2457 678; x_wconf 96' lang='lat' dir='ltr'>I</span> <span class='ocrx_word' id='word_1_31' title='bbox 2499 624 2653 692; x_wconf 79' lang='lat'>1653</span> <span class='ocrx_word' id='word_1_32' title='bbox 2705 622 2889 679; x_wconf 87' lang='lat' dir='ltr'><strong>Hruza</strong></span> 
     </span>
     <span class='ocr_line' id='line_1_5' title="bbox 558 709 2886 783; baseline -0.002 -12"><span class='ocrx_word' id='word_1_33' title='bbox 558 716 640 771; x_wconf 84' lang='lat'><strong>51</strong></span> <span class='ocrx_word' id='word_1_34' title='bbox 691 711 826 772; x_wconf 84' lang='lat' dir='ltr'><strong>adn.</strong></span> <span class='ocrx_word' id='word_1_35' title='bbox 869 713 978 783; x_wconf 77' lang='lat'><strong>103</strong></span> <span class='ocrx_word' id='word_1_36' title='bbox 1043 710 1345 769; x_wconf 88' lang='lat' dir='ltr'><strong>Beanchet</strong></span> <span class='ocrx_word' id='word_1_37' title='bbox 1379 710 1444 767; x_wconf 95' lang='lat' dir='ltr'><strong>II</strong></span> <span class='ocrx_word' id='word_1_38' title='bbox 1485 712 1641 780; x_wconf 84' lang='lat'><strong>355,</strong></span> <span class='ocrx_word' id='word_1_39' title='bbox 1692 712 1849 781; x_wconf 84' lang='grc'><strong>362,</strong></span> <span class='ocrx_word' id='word_1_40' title='bbox 1908 713 2055 771; x_wconf 87' lang='grc'><strong>369.</strong></span> <span class='ocrx_word' id='word_1_41' title='bbox 2146 710 2343 782; x_wconf 81' lang='lat' dir='ltr'><strong>Atque</strong></span> <span class='ocrx_word' id='word_1_42' title='bbox 2398 709 2551 782; x_wconf 91' lang='lat' dir='ltr'><strong>quod</strong></span> <span class='ocrx_word' id='word_1_43' title='bbox 2596 711 2660 768; x_wconf 85' lang='lat' dir='ltr'><strong>hi</strong></span> <span class='ocrx_word' id='word_1_44' title='bbox 2700 712 2886 783; x_wconf 85' lang='lat' dir='ltr'><strong>proba-</strong></span> 
     </span>
     <span class='ocr_line' id='line_1_6' title="bbox 556 799 2890 874; baseline -0.002 -14"><span class='ocrx_word' id='word_1_45' title='bbox 556 806 799 874; x_wconf 84' lang='lat' dir='ltr'><strong>verunt,</strong></span> <span class='ocrx_word' id='word_1_46' title='bbox 853 801 1036 858; x_wconf 87' lang='lat' dir='ltr'><strong>multo</strong></span> <span class='ocrx_word' id='word_1_47' title='bbox 1083 800 1225 857; x_wconf 88' lang='lat' dir='ltr'><strong>mihi</strong></span> <span class='ocrx_word' id='word_1_48' title='bbox 1271 801 1401 857; x_wconf 90' lang='lat' dir='ltr'><strong>veri</strong></span> <span class='ocrx_word' id='word_1_49' title='bbox 1445 799 1683 859; x_wconf 82' lang='lat' dir='ltr'><strong>videtur</strong></span> <span class='ocrx_word' id='word_1_50' title='bbox 1728 816 1856 857; x_wconf 86' lang='lat' dir='ltr'><strong>esse</strong></span> <span class='ocrx_word' id='word_1_51' title='bbox 1900 800 2175 871; x_wconf 77' lang='lat' dir='ltr'><strong>similiuS,</strong></span> <span class='ocrx_word' id='word_1_52' title='bbox 2230 804 2534 872; x_wconf 82' lang='lat' dir='ltr'><strong>postquam</strong></span> <span class='ocrx_word' id='word_1_53' title='bbox 2587 800 2890 858; x_wconf 81' lang='lat' dir='ltr'><strong>accuratius</strong></span> 
     </span>
     <span class='ocr_line' id='line_1_7' title="bbox 557 887 2892 963; baseline -0.002 -15"><span class='ocrx_word' id='word_1_54' title='bbox 557 890 958 963; x_wconf 79' lang='lat' dir='ltr'><strong>comperimus,</strong></span> <span class='ocrx_word' id='word_1_55' title='bbox 1003 905 1152 961; x_wconf 87' lang='lat' dir='ltr'><strong>qnae</strong></span> <span class='ocrx_word' id='word_1_56' title='bbox 1197 888 1419 946; x_wconf 85' lang='lat' dir='ltr'><strong>fuerint</strong></span> <span class='ocrx_word' id='word_1_57' title='bbox 1464 888 1823 946; x_wconf 88' lang='lat' dir='ltr'><strong>conditiones</strong></span> <span class='ocrx_word' id='word_1_58' title='bbox 1868 889 2174 946; x_wconf 89' lang='lat' dir='ltr'><strong>mulierum</strong></span> <span class='ocrx_word' id='word_1_59' title='bbox 2210 887 2892 962; x_wconf 85' lang='lat' dir='ltr'><strong>Aegyptio-Graecarum,</strong></span> 
     </span>
    </p>
   </div>
   <div class='ocr_carea' id='block_1_3' title="bbox 558 976 2891 1050">
    <p class='ocr_par' dir='ltr' id='par_1_3' title="bbox 558 976 2891 1050">
     <span class='ocr_line' id='line_1_8' title="bbox 558 976 2891 1050; baseline -0.002 -12"><span class='ocrx_word' id='word_1_60' title='bbox 558 984 628 1038; x_wconf 88' lang='lat' dir='ltr'><strong>ut</strong></span> <span class='ocrx_word' id='word_1_61' title='bbox 669 980 780 1037; x_wconf 89' lang='lat' dir='ltr'><strong>hoc</strong></span> <span class='ocrx_word' id='word_1_62' title='bbox 823 980 1005 1037; x_wconf 86' lang='lat' dir='ltr'><strong>verbo</strong></span> <span class='ocrx_word' id='word_1_63' title='bbox 1049 984 1204 1035; x_wconf 89' lang='lat' dir='ltr'><strong>utar.</strong></span> <span class='ocrx_word' id='word_1_64' title='bbox 1297 978 1456 1048; x_wconf 80' lang='lat' dir='ltr'><strong>Quae</strong></span> <span class='ocrx_word' id='word_1_65' title='bbox 1501 976 1757 1035; x_wconf 85' lang='lat' dir='ltr'><strong>feminae</strong></span> <span class='ocrx_word' id='word_1_66' title='bbox 1803 982 1907 1035; x_wconf 85' lang='lat' dir='ltr'><strong>ant</strong></span> <span class='ocrx_word' id='word_1_67' title='bbox 1949 979 2113 1050; x_wconf 83' lang='lat' dir='ltr'><strong>ipsae</strong></span> <span class='ocrx_word' id='word_1_68' title='bbox 2158 978 2517 1035; x_wconf 86' lang='lat' dir='ltr'><strong>contrahunt</strong></span> <span class='ocrx_word' id='word_1_69' title='bbox 2552 995 2589 1035; x_wconf 88' lang='lat' dir='ltr'><strong>a</strong></span> <span class='ocrx_word' id='word_1_70' title='bbox 2624 980 2776 1036; x_wconf 89' lang='lat' dir='ltr'><strong>nullo</strong></span> <span class='ocrx_word' id='word_1_71' title='bbox 2816 984 2891 1033; x_wconf 89' lang='lat' dir='ltr'><strong>tu·</strong></span> 
     </span>
    </p>
   </div>
   <div class='ocr_carea' id='block_1_4' title="bbox 544 1067 2904 2393">
    <p class='ocr_par' dir='ltr' id='par_1_4' title="bbox 544 1067 2900 1499">
     <span class='ocr_line' id='line_1_9' title="bbox 559 1067 2893 1139; baseline -0.001 -13"><span class='ocrx_word' id='word_1_72' title='bbox 559 1074 687 1126; x_wconf 86' lang='lat' dir='ltr'><strong>tore</strong></span> <span class='ocrx_word' id='word_1_73' title='bbox 734 1067 974 1125; x_wconf 89' lang='lat' dir='ltr'><strong>adiutae</strong></span> <span class='ocrx_word' id='word_1_74' title='bbox 988 1110 1002 1138; x_wconf 91' lang='lat'><strong>,</strong></span> <span class='ocrx_word' id='word_1_75' title='bbox 1050 1072 1155 1124; x_wconf 89' lang='lat' dir='ltr'><strong>ant</strong></span> <span class='ocrx_word' id='word_1_76' title='bbox 1189 1083 1253 1124; x_wconf 90' lang='lat' dir='ltr'><strong>se</strong></span> <span class='ocrx_word' id='word_1_77' title='bbox 1298 1068 1593 1139; x_wconf 88' lang='lat' dir='ltr'><strong>obligant,</strong></span> <span class='ocrx_word' id='word_1_78' title='bbox 1650 1082 1779 1123; x_wconf 90' lang='lat' dir='ltr'><strong>cnm</strong></span> <span class='ocrx_word' id='word_1_79' title='bbox 1824 1073 1986 1125; x_wconf 88' lang='lat' dir='ltr'><strong>tutor</strong></span> <span class='ocrx_word' id='word_1_80' title='bbox 2032 1068 2371 1125; x_wconf 82' lang='lat' dir='ltr'><strong>adsentiens</strong></span> <span class='ocrx_word' id='word_1_81' title='bbox 2415 1073 2682 1139; x_wconf 83' lang='lat' dir='ltr'><strong>praestet</strong></span> <span class='ocrx_word' id='word_1_82' title='bbox 2726 1072 2893 1123; x_wconf 86' lang='lat' dir='ltr'><strong>ancto-</strong></span> 
     </span>
     <span class='ocr_line' id='line_1_10' title="bbox 558 1148 2896 1237; baseline -0.002 -22"><span class='ocrx_word' id='word_1_83' title='bbox 558 1158 802 1215; x_wconf 88' lang='lat' dir='ltr'><strong>ritatem</strong></span> <span class='ocrx_word' id='word_1_84' title='bbox 855 1150 1030 1235; x_wconf 86' lang='lat' dir='ltr'><strong>(quod</strong></span> <span class='ocrx_word' id='word_1_85' title='bbox 1076 1160 1292 1215; x_wconf 83' lang='lat' dir='ltr'><strong>vocant</strong></span> <span class='ocrx_word' id='word_1_86' title='bbox 1344 1152 1517 1234; x_wconf 82' lang='grc' dir='ltr'><strong><em>μετὰ</em></strong></span> <span class='ocrx_word' id='word_1_87' title='bbox 1570 1148 1851 1237; x_wconf 84' lang='grc' dir='ltr'><strong><em>κυρίου),</em></strong></span> <span class='ocrx_word' id='word_1_88' title='bbox 1909 1162 2012 1214; x_wconf 82' lang='lat' dir='ltr'><strong>ant</strong></span> <span class='ocrx_word' id='word_1_89' title='bbox 2063 1158 2283 1237; x_wconf 80' lang='grc' dir='ltr'><strong><em>κύριος</em></strong></span> <span class='ocrx_word' id='word_1_90' title='bbox 2336 1173 2441 1230; x_wconf 86' lang='lat' dir='ltr'><strong>pro</strong></span> <span class='ocrx_word' id='word_1_91' title='bbox 2496 1157 2585 1213; x_wconf 86' lang='lat' dir='ltr'><strong>eis</strong></span> <span class='ocrx_word' id='word_1_92' title='bbox 2630 1156 2896 1215; x_wconf 85' lang='lat' dir='ltr'><strong>contrahit</strong></span> 
     </span>
     <span class='ocr_line' id='line_1_11' title="bbox 544 1237 2896 1325; baseline -0.003 -19"><span class='ocrx_word' id='word_1_93' title='bbox 544 1237 698 1325; x_wconf 81' lang='grc' dir='ltr'><strong><em>,(διὰ</em></strong></span> <span class='ocrx_word' id='word_1_94' title='bbox 740 1237 1022 1325; x_wconf 90' lang='grc' dir='ltr'><strong><em>κυρίου);</em></strong></span> <span class='ocrx_word' id='word_1_95' title='bbox 1069 1244 1300 1316; x_wconf 86' lang='lat' dir='ltr'><strong>qnando</strong></span> <span class='ocrx_word' id='word_1_96' title='bbox 1347 1250 1543 1303; x_wconf 78' lang='lat' dir='ltr'><strong>autem</strong></span> <span class='ocrx_word' id='word_1_97' title='bbox 1588 1246 1711 1316; x_wconf 91' lang='lat' dir='ltr'><strong>hoc,</strong></span> <span class='ocrx_word' id='word_1_98' title='bbox 1758 1245 1988 1317; x_wconf 88' lang='lat' dir='ltr'><strong>quando</strong></span> <span class='ocrx_word' id='word_1_99' title='bbox 2022 1246 2127 1303; x_wconf 87' lang='lat' dir='ltr'><strong>illo</strong></span> <span class='ocrx_word' id='word_1_100' title='bbox 2163 1244 2329 1303; x_wconf 91' lang='lat' dir='ltr'><strong>modo</strong></span> <span class='ocrx_word' id='word_1_101' title='bbox 2364 1246 2645 1303; x_wconf 90' lang='lat' dir='ltr'><strong>mulieres</strong></span> <span class='ocrx_word' id='word_1_102' title='bbox 2686 1245 2896 1316; x_wconf 86' lang='lat' dir='ltr'><strong>negotia</strong></span> 
     </span>
     <span class='ocr_line' id='line_1_12' title="bbox 561 1332 2900 1407; baseline -0 -15"><span class='ocrx_word' id='word_1_103' title='bbox 561 1336 988 1407; x_wconf 84' lang='lat' dir='ltr'><strong>transegerint,</strong></span> <span class='ocrx_word' id='word_1_104' title='bbox 1079 1334 1270 1391; x_wconf 82' lang='lat' dir='ltr'><strong>adhuc</strong></span> <span class='ocrx_word' id='word_1_105' title='bbox 1358 1350 1472 1391; x_wconf 90' lang='lat' dir='ltr'><strong>non</strong></span> <span class='ocrx_word' id='word_1_106' title='bbox 1563 1338 1745 1406; x_wconf 82' lang='lat' dir='ltr'><strong>patet.</strong></span> <span class='ocrx_word' id='word_1_107' title='bbox 1880 1334 1954 1396; x_wconf 85' lang='lat' dir='ltr'><strong>cf.</strong></span> <span class='ocrx_word' id='word_1_108' title='bbox 2035 1334 2327 1407; x_wconf 89' lang='lat' dir='ltr'><strong>Wenger,</strong></span> <span class='ocrx_word' id='word_1_109' title='bbox 2420 1332 2900 1403; x_wconf 83' lang='lat' dir='ltr'><strong>Stellvertretung</strong></span> 
     </span>
     <span class='ocr_line' id='line_1_13' title="bbox 564 1426 1190 1499; baseline -0.002 -15"><span class='ocrx_word' id='word_1_110' title='bbox 564 1442 663 1499; x_wconf 88' lang='lat' dir='ltr'><strong>pp.</strong></span> <span class='ocrx_word' id='word_1_111' title='bbox 702 1427 827 1483; x_wconf 79' lang='lat'><strong>173</strong></span> <span class='ocrx_word' id='word_1_112' title='bbox 851 1441 993 1496; x_wconf 80' lang='lat' dir='ltr'><strong>sqq,</strong></span> <span class='ocrx_word' id='word_1_113' title='bbox 1043 1426 1190 1482; x_wconf 89' lang='grc'><strong>186.</strong></span> 
     </span>
    </p>

    <p class='ocr_par' dir='ltr' id='par_1_5' title="bbox 564 1511 2901 1764">
     <span class='ocr_line' id='line_1_14' title="bbox 743 1511 2898 1586; baseline -0.001 -17"><span class='ocrx_word' id='word_1_114' title='bbox 743 1513 1100 1584; x_wconf 82' lang='lat' dir='ltr'><strong>Quamquam</strong></span> <span class='ocrx_word' id='word_1_115' title='bbox 1155 1516 1352 1570; x_wconf 86' lang='lat' dir='ltr'><strong>autem</strong></span> <span class='ocrx_word' id='word_1_116' title='bbox 1413 1511 1839 1569; x_wconf 88' lang='lat' dir='ltr'><strong>concedendum</strong></span> <span class='ocrx_word' id='word_1_117' title='bbox 1884 1517 2003 1586; x_wconf 84' lang='lat' dir='ltr'><strong>est,</strong></span> <span class='ocrx_word' id='word_1_118' title='bbox 2057 1513 2121 1570; x_wconf 89' lang='lat' dir='ltr'><strong>in</strong></span> <span class='ocrx_word' id='word_1_119' title='bbox 2176 1513 2437 1571; x_wconf 84' lang='lat' dir='ltr'><strong>fontibus</strong></span> <span class='ocrx_word' id='word_1_120' title='bbox 2482 1513 2703 1571; x_wconf 85' lang='lat' dir='ltr'><strong>Atticis</strong></span> <span class='ocrx_word' id='word_1_121' title='bbox 2752 1526 2898 1569; x_wconf 82' lang='lat' dir='ltr'><strong>voces</strong></span> 
     </span>
     <span class='ocr_line' id='line_1_15' title="bbox 564 1597 2901 1680; baseline -0.003 -19"><span class='ocrx_word' id='word_1_122' title='bbox 564 1603 726 1674; x_wconf 89' lang='lat' dir='ltr'><strong>ipsas</strong></span> <span class='ocrx_word' id='word_1_123' title='bbox 771 1598 880 1661; x_wconf 80' lang='grc' dir='ltr'><strong>διὰ</strong></span> <span class='ocrx_word' id='word_1_124' title='bbox 925 1602 1154 1680; x_wconf 83' lang='grc' dir='ltr'><strong><em>κυρίου</em></strong></span> <span class='ocrx_word' id='word_1_125' title='bbox 1201 1606 1262 1659; x_wconf 88' lang='lat' dir='ltr'><strong>et</strong></span> <span class='ocrx_word' id='word_1_126' title='bbox 1304 1597 1477 1679; x_wconf 82' lang='grc' dir='ltr'><strong><em>μετὰ</em></strong></span> <span class='ocrx_word' id='word_1_127' title='bbox 1521 1602 1753 1679; x_wconf 82' lang='grc' dir='ltr'><strong><em>κυρίου</em></strong></span> <span class='ocrx_word' id='word_1_128' title='bbox 1798 1617 1913 1658; x_wconf 90' lang='lat' dir='ltr'><strong>non</strong></span> <span class='ocrx_word' id='word_1_129' title='bbox 1958 1618 2279 1673; x_wconf 86' lang='lat' dir='ltr'><strong>occurrere,</strong></span> <span class='ocrx_word' id='word_1_130' title='bbox 2330 1607 2527 1660; x_wconf 85' lang='lat' dir='ltr'><strong>tamen</strong></span> <span class='ocrx_word' id='word_1_131' title='bbox 2572 1619 2647 1659; x_wconf 82' lang='lat' dir='ltr'><strong>ex</strong></span> <span class='ocrx_word' id='word_1_132' title='bbox 2689 1602 2771 1659; x_wconf 89' lang='lat' dir='ltr'><strong>eis</strong></span> <span class='ocrx_word' id='word_1_133' title='bbox 2809 1600 2901 1656; x_wconf 89' lang='lat' dir='ltr'><strong>hoc</strong></span> 
     </span>
     <span class='ocr_line' id='line_1_16' title="bbox 568 1690 2629 1764; baseline 0 -15"><span class='ocrx_word' id='word_1_134' title='bbox 568 1692 878 1749; x_wconf 85' lang='lat' dir='ltr'><strong>discrimen</strong></span> <span class='ocrx_word' id='word_1_135' title='bbox 925 1692 1190 1761; x_wconf 82' lang='lat' dir='ltr'><strong>cognosci</strong></span> <span class='ocrx_word' id='word_1_136' title='bbox 1235 1706 1402 1763; x_wconf 89' lang='lat' dir='ltr'><strong>posse</strong></span> <span class='ocrx_word' id='word_1_137' title='bbox 1448 1690 1702 1763; x_wconf 89' lang='lat' dir='ltr'><strong>videtur,</strong></span> <span class='ocrx_word' id='word_1_138' title='bbox 1749 1694 1819 1747; x_wconf 90' lang='lat' dir='ltr'><strong>ut</strong></span> <span class='ocrx_word' id='word_1_139' title='bbox 1860 1690 2057 1764; x_wconf 88' lang='lat' dir='ltr'><strong>paullo</strong></span> <span class='ocrx_word' id='word_1_140' title='bbox 2101 1696 2235 1764; x_wconf 88' lang='lat' dir='ltr'><strong>post</strong></span> <span class='ocrx_word' id='word_1_141' title='bbox 2276 1690 2629 1749; x_wconf 63' lang='lat' dir='ltr'><strong>videbimus</strong></span> 
     </span>
    </p>

    <p class='ocr_par' dir='ltr' id='par_1_6' title="bbox 565 1777 2904 2393">
     <span class='ocr_line' id='line_1_17' title="bbox 746 1777 2899 1860; baseline -0.002 -23"><span class='ocrx_word' id='word_1_142' title='bbox 746 1780 944 1838; x_wconf 80' lang='lat' dir='ltr'><strong>Antea</strong></span> <span class='ocrx_word' id='word_1_143' title='bbox 979 1780 1145 1838; x_wconf 88' lang='lat' dir='ltr'><strong>nobis</strong></span> <span class='ocrx_word' id='word_1_144' title='bbox 1182 1779 1695 1838; x_wconf 85' lang='lat' dir='ltr'><strong>demonstrandum</strong></span> <span class='ocrx_word' id='word_1_145' title='bbox 1742 1784 1835 1837; x_wconf 86' lang='lat' dir='ltr'><strong>est</strong></span> <span class='ocrx_word' id='word_1_146' title='bbox 1878 1781 2075 1838; x_wconf 88' lang='lat' dir='ltr'><strong>verbis</strong></span> <span class='ocrx_word' id='word_1_147' title='bbox 2120 1783 2446 1860; x_wconf 80' lang='grc' dir='ltr'><strong><em>παρόντες</em></strong></span> <span class='ocrx_word' id='word_1_148' title='bbox 2488 1777 2633 1841; x_wconf 86' lang='grc' dir='ltr'><strong><em>κτλ.</em></strong></span> <span class='ocrx_word' id='word_1_149' title='bbox 2674 1796 2773 1837; x_wconf 91' lang='lat' dir='ltr'><strong>nos</strong></span> <span class='ocrx_word' id='word_1_150' title='bbox 2806 1794 2899 1835; x_wconf 89' lang='lat' dir='ltr'><strong>non</strong></span> 
     </span>
     <span class='ocr_line' id='line_1_18' title="bbox 565 1860 2900 1948; baseline -0.002 -21"><span class='ocrx_word' id='word_1_151' title='bbox 565 1868 862 1941; x_wconf 85' lang='lat' dir='ltr'><strong>impediri,</strong></span> <span class='ocrx_word' id='word_1_152' title='bbox 919 1870 1220 1941; x_wconf 86' lang='lat' dir='ltr'><strong>quominus</strong></span> <span class='ocrx_word' id='word_1_153' title='bbox 1275 1884 1613 1927; x_wconf 85' lang='lat' dir='ltr'><strong>censeamus</strong></span> <span class='ocrx_word' id='word_1_154' title='bbox 1657 1868 1965 1942; x_wconf 84' lang='lat' dir='ltr'><strong>Polyencti</strong></span> <span class='ocrx_word' id='word_1_155' title='bbox 2018 1869 2256 1927; x_wconf 82' lang='lat' dir='ltr'><strong>viduam</strong></span> <span class='ocrx_word' id='word_1_156' title='bbox 2310 1860 2483 1946; x_wconf 78' lang='grc' dir='ltr'><strong><em>μετὰ</em></strong></span> <span class='ocrx_word' id='word_1_157' title='bbox 2538 1869 2776 1948; x_wconf 81' lang='grc' dir='ltr'><strong><em>κυρίων</em></strong></span> <span class='ocrx_word' id='word_1_158' title='bbox 2820 1882 2900 1939; x_wconf 84' lang='lat' dir='ltr'><strong>pe·</strong></span> 
     </span>
     <span class='ocr_line' id='line_1_19' title="bbox 569 1956 2903 2029; baseline -0.003 -13"><span class='ocrx_word' id='word_1_159' title='bbox 569 1960 801 2016; x_wconf 89' lang='lat' dir='ltr'><strong>cuniam</strong></span> <span class='ocrx_word' id='word_1_160' title='bbox 846 1962 1112 2016; x_wconf 87' lang='lat' dir='ltr'><strong>mutuam·</strong></span> <span class='ocrx_word' id='word_1_161' title='bbox 1142 1957 1387 2017; x_wconf 84' lang='lat' dir='ltr'><strong>dedisse.</strong></span> <span class='ocrx_word' id='word_1_162' title='bbox 1463 1959 1551 2015; x_wconf 91' lang='lat' dir='ltr'><strong>Ac</strong></span> <span class='ocrx_word' id='word_1_163' title='bbox 1584 1958 1835 2029; x_wconf 87' lang='lat' dir='ltr'><strong>primum</strong></span> <span class='ocrx_word' id='word_1_164' title='bbox 1872 1957 2103 2029; x_wconf 90' lang='lat' dir='ltr'><strong>quidem</strong></span> <span class='ocrx_word' id='word_1_165' title='bbox 2136 1973 2417 2029; x_wconf 85' lang='lat' dir='ltr'><strong>negamus</strong></span> <span class='ocrx_word' id='word_1_166' title='bbox 2452 1957 2695 2017; x_wconf 81' lang='lat' dir='ltr'><strong>disertis</strong></span> <span class='ocrx_word' id='word_1_167' title='bbox 2731 1956 2903 2015; x_wconf 85' lang='lat' dir='ltr'><strong>verbis</strong></span> 
     </span>
     <span class='ocr_line' id='line_1_20' title="bbox 569 2046 2903 2125; baseline 0.001 -20"><span class='ocrx_word' id='word_1_168' title='bbox 569 2048 851 2121; x_wconf 89' lang='lat' dir='ltr'><strong>scriptum</strong></span> <span class='ocrx_word' id='word_1_169' title='bbox 896 2047 1017 2118; x_wconf 89' lang='lat' dir='ltr'><strong>legi</strong></span> <span class='ocrx_word' id='word_1_170' title='bbox 1061 2046 1278 2104; x_wconf 86' lang='lat' dir='ltr'><strong>fratres</strong></span> <span class='ocrx_word' id='word_1_171' title='bbox 1325 2052 1506 2105; x_wconf 74' lang='lat' dir='ltr'><strong>testes</strong></span> <span class='ocrx_word' id='word_1_172' title='bbox 1552 2046 1761 2117; x_wconf 82' lang='lat' dir='ltr'><strong>fnisse,</strong></span> <span class='ocrx_word' id='word_1_173' title='bbox 1818 2062 1951 2104; x_wconf 86' lang='lat' dir='ltr'><strong>nam</strong></span> <span class='ocrx_word' id='word_1_174' title='bbox 2010 2052 2173 2104; x_wconf 89' lang='lat' dir='ltr'><strong>actor</strong></span> <span class='ocrx_word' id='word_1_175' title='bbox 2226 2063 2353 2103; x_wconf 93' lang='lat' dir='ltr'><strong>cum</strong></span> <span class='ocrx_word' id='word_1_176' title='bbox 2402 2046 2565 2104; x_wconf 87' lang='lat' dir='ltr'><strong>dicat</strong></span> <span class='ocrx_word' id='word_1_177' title='bbox 2609 2047 2903 2125; x_wconf 77' lang='grc' dir='ltr'><strong><em>μάρτυρες</em></strong></span> 
     </span>
     <span class='ocr_line' id='line_1_21' title="bbox 571 2128 2902 2239; baseline -0.004 -42"><span class='ocrx_word' id='word_1_178' title='bbox 571 2128 636 2197; x_wconf 80' lang='grc' dir='ltr'><em>δ</em></span> <span class='ocrx_word' id='word_1_179' title='bbox 648 2131 712 2196; x_wconf 82' lang='grc' dir='ltr'><strong><em>οἱ</em></strong></span> <span class='ocrx_word' id='word_1_180' title='bbox 757 2139 870 2221; x_wconf 82' lang='grc' dir='ltr'><strong>τῆς</strong></span> <span class='ocrx_word' id='word_1_181' title='bbox 906 2135 1206 2212; x_wconf 79' lang='grc' dir='ltr'><strong><em>γυναικὸς</em></strong></span> <span class='ocrx_word' id='word_1_182' title='bbox 1243 2131 1519 2239; x_wconf 65' lang='grc' dir='ltr'><strong><em>ἀδελφοί</em></strong></span> <span class='ocrx_word' id='word_1_183' title='bbox 1549 2153 1663 2193; x_wconf 90' lang='lat' dir='ltr'><strong>non</strong></span> <span class='ocrx_word' id='word_1_184' title='bbox 1702 2136 1846 2194; x_wconf 83' lang='lat' dir='ltr'><strong>dicit</strong></span> <span class='ocrx_word' id='word_1_185' title='bbox 1880 2136 2100 2193; x_wconf 87' lang='lat' dir='ltr'><strong>fratres</strong></span> <span class='ocrx_word' id='word_1_186' title='bbox 2136 2141 2319 2194; x_wconf 86' lang='lat' dir='ltr'><strong>testes</strong></span> <span class='ocrx_word' id='word_1_187' title='bbox 2354 2136 2557 2208; x_wconf 81' lang='lat' dir='ltr'><strong>fuisse,</strong></span> <span class='ocrx_word' id='word_1_188' title='bbox 2606 2154 2733 2195; x_wconf 88' lang='lat' dir='ltr'><strong>cum</strong></span> <span class='ocrx_word' id='word_1_189' title='bbox 2767 2148 2902 2191; x_wconf 87' lang='lat' dir='ltr'><strong>soror</strong></span> 
     </span>
     <span class='ocr_line' id='line_1_22' title="bbox 573 2220 2900 2299; baseline -0.002 -17"><span class='ocrx_word' id='word_1_190' title='bbox 573 2226 974 2299; x_wconf 78' lang='lat' dir='ltr'><strong>contrahebat,</strong></span> <span class='ocrx_word' id='word_1_191' title='bbox 1028 2225 1130 2283; x_wconf 88' lang='lat' dir='ltr'><strong>sed</strong></span> <span class='ocrx_word' id='word_1_192' title='bbox 1175 2225 1395 2283; x_wconf 83' lang='lat' dir='ltr'><strong>fratres</strong></span> <span class='ocrx_word' id='word_1_193' title='bbox 1442 2226 1504 2283; x_wconf 89' lang='lat' dir='ltr'><strong>in</strong></span> <span class='ocrx_word' id='word_1_194' title='bbox 1558 2226 1771 2283; x_wconf 69' lang='lat' dir='ltr'><strong>iudIcio</strong></span> <span class='ocrx_word' id='word_1_195' title='bbox 1824 2226 1944 2283; x_wconf 87' lang='lat' dir='ltr'><strong>iam</strong></span> <span class='ocrx_word' id='word_1_196' title='bbox 1998 2230 2317 2283; x_wconf 89' lang='lat' dir='ltr'><strong>testaturos</strong></span> <span class='ocrx_word' id='word_1_197' title='bbox 2370 2242 2499 2283; x_wconf 86' lang='lat' dir='ltr'><strong>esse</strong></span> <span class='ocrx_word' id='word_1_198' title='bbox 2556 2244 2622 2284; x_wconf 89' lang='lat' dir='ltr'><strong>se</strong></span> <span class='ocrx_word' id='word_1_199' title='bbox 2668 2230 2783 2282; x_wconf 88' lang='lat' dir='ltr'><strong>tum</strong></span> <span class='ocrx_word' id='word_1_200' title='bbox 2823 2220 2900 2278; x_wconf 85' lang='lat' dir='ltr'><strong>ad·</strong></span> 
     </span>
     <span class='ocr_line' id='line_1_23' title="bbox 575 2307 2904 2393; baseline -0.001 -21"><span class='ocrx_word' id='word_1_201' title='bbox 575 2314 777 2375; x_wconf 83' lang='lat' dir='ltr'><strong>fnisse.</strong></span> <span class='ocrx_word' id='word_1_202' title='bbox 901 2314 1153 2371; x_wconf 85' lang='lat' dir='ltr'><strong>Miretur</strong></span> <span class='ocrx_word' id='word_1_203' title='bbox 1219 2320 1412 2372; x_wconf 87' lang='lat' dir='ltr'><strong>autem</strong></span> <span class='ocrx_word' id='word_1_204' title='bbox 1477 2315 1789 2388; x_wconf 86' lang='lat' dir='ltr'><strong>quispiam,</strong></span> <span class='ocrx_word' id='word_1_205' title='bbox 1854 2314 2004 2386; x_wconf 90' lang='lat' dir='ltr'><strong>quod</strong></span> <span class='ocrx_word' id='word_1_206' title='bbox 2068 2314 2331 2372; x_wconf 85' lang='lat' dir='ltr'><strong>additum</strong></span> <span class='ocrx_word' id='word_1_207' title='bbox 2395 2319 2487 2372; x_wconf 86' lang='lat' dir='ltr'><strong>est</strong></span> <span class='ocrx_word' id='word_1_208' title='bbox 2552 2312 2665 2375; x_wconf 82' lang='grc' dir='ltr'><strong>ἵνα</strong></span> <span class='ocrx_word' id='word_1_209' title='bbox 2726 2307 2904 2393; x_wconf 83' lang='grc' dir='ltr'><strong><em>μηδὲν</em></strong></span> 
     </span>
    </p>
   </div>
   <div class='ocr_carea' id='block_1_5' title="bbox 575 2394 2924 3813">
    <p class='ocr_par' dir='ltr' id='par_1_7' title="bbox 575 2394 2924 3813">
     <span class='ocr_line' id='line_1_24' title="bbox 578 2394 2903 2488; baseline -0.004 -25"><span class='ocrx_word' id='word_1_210' title='bbox 578 2400 884 2481; x_wconf 78' lang='grc' dir='ltr'><strong><em>δυσχερὲς</em></strong></span> <span class='ocrx_word' id='word_1_211' title='bbox 919 2400 1081 2487; x_wconf 78' lang='grc' dir='ltr'><strong><em>ἡμῖν</em></strong></span> <span class='ocrx_word' id='word_1_212' title='bbox 1117 2397 1224 2485; x_wconf 84' lang='grc' dir='ltr'><strong>εἴη</strong></span> <span class='ocrx_word' id='word_1_213' title='bbox 1261 2402 1427 2483; x_wconf 79' lang='grc' dir='ltr'><strong><em>πρὸς</em></strong></span> <span class='ocrx_word' id='word_1_214' title='bbox 1463 2394 1798 2488; x_wconf 78' lang='grc' dir='ltr'><strong><em>αλλήλους,</em></strong></span> <span class='ocrx_word' id='word_1_215' title='bbox 1844 2420 1981 2460; x_wconf 89' lang='lat' dir='ltr'><strong>nam</strong></span> <span class='ocrx_word' id='word_1_216' title='bbox 2025 2404 2077 2460; x_wconf 90' lang='lat' dir='ltr'><strong>si</strong></span> <span class='ocrx_word' id='word_1_217' title='bbox 2122 2405 2337 2483; x_wconf 83' lang='grc' dir='ltr'><strong><em>κύριοι</em></strong></span> <span class='ocrx_word' id='word_1_218' title='bbox 2372 2404 2583 2461; x_wconf 86' lang='lat' dir='ltr'><strong>adesse</strong></span> <span class='ocrx_word' id='word_1_219' title='bbox 2630 2402 2903 2467; x_wconf 82' lang='lat' dir='ltr'><strong>debebant,</strong></span> 
     </span>
     <span class='ocr_line' id='line_1_25' title="bbox 575 2488 2907 2566; baseline -0.003 -17"><span class='ocrx_word' id='word_1_220' title='bbox 575 2497 646 2549; x_wconf 93' lang='lat' dir='ltr'><strong>ut</strong></span> <span class='ocrx_word' id='word_1_221' title='bbox 689 2492 922 2549; x_wconf 90' lang='lat' dir='ltr'><strong>mulieri</strong></span> <span class='ocrx_word' id='word_1_222' title='bbox 970 2492 1176 2549; x_wconf 88' lang='lat' dir='ltr'><strong>liceret</strong></span> <span class='ocrx_word' id='word_1_223' title='bbox 1219 2492 1582 2561; x_wconf 84' lang='lat' dir='ltr'><strong>contrahere,</strong></span> <span class='ocrx_word' id='word_1_224' title='bbox 1628 2492 1758 2549; x_wconf 91' lang='lat' dir='ltr'><strong>fieri</strong></span> <span class='ocrx_word' id='word_1_225' title='bbox 1794 2509 1909 2549; x_wconf 89' lang='lat' dir='ltr'><strong>non</strong></span> <span class='ocrx_word' id='word_1_226' title='bbox 1956 2509 2139 2566; x_wconf 91' lang='lat' dir='ltr'><strong>posse,</strong></span> <span class='ocrx_word' id='word_1_227' title='bbox 2185 2498 2253 2549; x_wconf 92' lang='lat' dir='ltr'><strong>nt</strong></span> <span class='ocrx_word' id='word_1_228' title='bbox 2298 2492 2519 2550; x_wconf 84' lang='lat' dir='ltr'><strong>diserte</strong></span> <span class='ocrx_word' id='word_1_229' title='bbox 2566 2510 2665 2551; x_wconf 89' lang='lat' dir='ltr'><strong>eos</strong></span> <span class='ocrx_word' id='word_1_230' title='bbox 2711 2492 2818 2549; x_wconf 85' lang='lat' dir='ltr'><strong>alia</strong></span> <span class='ocrx_word' id='word_1_231' title='bbox 2849 2488 2907 2544; x_wconf 83' lang='lat' dir='ltr'><strong>de</strong></span> 
     </span>
     <span class='ocr_line' id='line_1_26' title="bbox 577 2575 2905 2653; baseline 0 -15"><span class='ocrx_word' id='word_1_232' title='bbox 577 2598 756 2639; x_wconf 88' lang='lat' dir='ltr'><strong>causa</strong></span> <span class='ocrx_word' id='word_1_233' title='bbox 793 2581 1052 2638; x_wconf 83' lang='lat' dir='ltr'><strong>adfuisse</strong></span> <span class='ocrx_word' id='word_1_234' title='bbox 1090 2581 1365 2638; x_wconf 87' lang='lat' dir='ltr'><strong>addatur:</strong></span> <span class='ocrx_word' id='word_1_235' title='bbox 1411 2582 1464 2638; x_wconf 89' lang='lat' dir='ltr'><strong>si</strong></span> <span class='ocrx_word' id='word_1_236' title='bbox 1511 2581 1714 2639; x_wconf 88' lang='lat' dir='ltr'><strong>adesse</strong></span> <span class='ocrx_word' id='word_1_237' title='bbox 1758 2581 1987 2653; x_wconf 90' lang='lat' dir='ltr'><strong>debent,</strong></span> <span class='ocrx_word' id='word_1_238' title='bbox 2032 2582 2096 2639; x_wconf 90' lang='lat' dir='ltr'><strong>in</strong></span> <span class='ocrx_word' id='word_1_239' title='bbox 2132 2598 2365 2639; x_wconf 89' lang='lat' dir='ltr'><strong>censum</strong></span> <span class='ocrx_word' id='word_1_240' title='bbox 2400 2599 2517 2639; x_wconf 89' lang='lat' dir='ltr'><strong>non</strong></span> <span class='ocrx_word' id='word_1_241' title='bbox 2557 2583 2738 2653; x_wconf 88' lang='lat' dir='ltr'><strong>venit,</strong></span> <span class='ocrx_word' id='word_1_242' title='bbox 2782 2575 2905 2649; x_wconf 87' lang='lat' dir='ltr'><strong>quod</strong></span> 
     </span>
     <span class='ocr_line' id='line_1_27' title="bbox 579 2668 2909 2744; baseline -0.003 -17"><span class='ocrx_word' id='word_1_243' title='bbox 579 2670 835 2727; x_wconf 87' lang='lat' dir='ltr'><strong>fratrum</strong></span> <span class='ocrx_word' id='word_1_244' title='bbox 886 2670 1074 2727; x_wconf 89' lang='lat' dir='ltr'><strong>fuerit</strong></span> <span class='ocrx_word' id='word_1_245' title='bbox 1127 2669 1446 2727; x_wconf 87' lang='lat' dir='ltr'><strong>consilium.</strong></span> <span class='ocrx_word' id='word_1_246' title='bbox 1537 2668 1699 2738; x_wconf 79' lang='lat' dir='ltr'><strong>Quae</strong></span> <span class='ocrx_word' id='word_1_247' title='bbox 1750 2687 1848 2726; x_wconf 91' lang='lat' dir='ltr'><strong>res</strong></span> <span class='ocrx_word' id='word_1_248' title='bbox 1892 2688 1967 2727; x_wconf 90' lang='lat' dir='ltr'><strong>ne</strong></span> <span class='ocrx_word' id='word_1_249' title='bbox 2010 2670 2341 2728; x_wconf 84' lang='lat' dir='ltr'><strong>offensionis</strong></span> <span class='ocrx_word' id='word_1_250' title='bbox 2386 2688 2593 2729; x_wconf 88' lang='lat' dir='ltr'><strong>ansam</strong></span> <span class='ocrx_word' id='word_1_251' title='bbox 2638 2670 2909 2744; x_wconf 81' lang='lat' dir='ltr'><strong>praebeat,</strong></span> 
     </span>
     <span class='ocr_line' id='line_1_28' title="bbox 578 2752 2912 2832; baseline -0.003 -15"><span class='ocrx_word' id='word_1_252' title='bbox 578 2760 726 2817; x_wconf 89' lang='lat' dir='ltr'><strong>haec</strong></span> <span class='ocrx_word' id='word_1_253' title='bbox 763 2760 946 2817; x_wconf 88' lang='lat' dir='ltr'><strong>verba</strong></span> <span class='ocrx_word' id='word_1_254' title='bbox 983 2763 1208 2816; x_wconf 90' lang='lat' dir='ltr'><strong>tantum</strong></span> <span class='ocrx_word' id='word_1_255' title='bbox 1245 2758 1571 2816; x_wconf 83' lang='lat' dir='ltr'><strong>referamus</strong></span> <span class='ocrx_word' id='word_1_256' title='bbox 1609 2758 1682 2815; x_wconf 84' lang='lat' dir='ltr'><strong>ad</strong></span> <span class='ocrx_word' id='word_1_257' title='bbox 1711 2775 1798 2830; x_wconf 86' lang='lat' dir='ltr'><strong>ea,</strong></span> <span class='ocrx_word' id='word_1_258' title='bbox 1838 2776 1909 2816; x_wconf 82' lang='lat' dir='ltr'><strong>ex</strong></span> <span class='ocrx_word' id='word_1_259' title='bbox 1946 2761 2152 2831; x_wconf 86' lang='lat' dir='ltr'><strong>quibus</strong></span> <span class='ocrx_word' id='word_1_260' title='bbox 2183 2760 2464 2832; x_wconf 85' lang='lat' dir='ltr'><strong>pendent:</strong></span> <span class='ocrx_word' id='word_1_261' title='bbox 2500 2752 2912 2821; x_wconf 73' lang='grc' dir='ltr'><strong><em>καθ’ἕκαστον</em></strong></span> 
     </span>
     <span class='ocr_line' id='line_1_29' title="bbox 583 2843 2913 2929; baseline -0 -20"><span class='ocrx_word' id='word_1_262' title='bbox 583 2843 1067 2929; x_wconf 79' lang='grc' dir='ltr'><strong><em>ἕπερωτῶντες;</em></strong></span> <span class='ocrx_word' id='word_1_263' title='bbox 1127 2853 1289 2905; x_wconf 85' lang='lat' dir='ltr'><strong>actor</strong></span> <span class='ocrx_word' id='word_1_264' title='bbox 1341 2850 1531 2920; x_wconf 85' lang='lat' dir='ltr'><strong>igitur</strong></span> <span class='ocrx_word' id='word_1_265' title='bbox 1582 2848 1676 2905; x_wconf 91' lang='lat' dir='ltr'><strong>his</strong></span> <span class='ocrx_word' id='word_1_266' title='bbox 1721 2850 1920 2907; x_wconf 88' lang='lat' dir='ltr'><strong>verbis</strong></span> <span class='ocrx_word' id='word_1_267' title='bbox 1975 2849 2375 2907; x_wconf 87' lang='lat' dir='ltr'><strong>demonstrare</strong></span> <span class='ocrx_word' id='word_1_268' title='bbox 2428 2849 2632 2907; x_wconf 87' lang='lat' dir='ltr'><strong>studet</strong></span> <span class='ocrx_word' id='word_1_269' title='bbox 2684 2846 2913 2926; x_wconf 75' lang='grc' dir='ltr'><strong><em>κυρίους</em></strong></span> 
     </span>
     <span class='ocr_line' id='line_1_30' title="bbox 579 2936 2915 3009; baseline -0.004 -14"><span class='ocrx_word' id='word_1_270' title='bbox 579 2956 694 2995; x_wconf 89' lang='lat' dir='ltr'><strong>non</strong></span> <span class='ocrx_word' id='word_1_271' title='bbox 759 2938 940 2995; x_wconf 89' lang='lat' dir='ltr'><strong>solum</strong></span> <span class='ocrx_word' id='word_1_272' title='bbox 1009 2940 1416 2996; x_wconf 86' lang='lat' dir='ltr'><strong>auctoritatem</strong></span> <span class='ocrx_word' id='word_1_273' title='bbox 1479 2938 1873 3009; x_wconf 87' lang='lat' dir='ltr'><strong>praestitisse,</strong></span> <span class='ocrx_word' id='word_1_274' title='bbox 1939 2937 2041 2994; x_wconf 90' lang='lat' dir='ltr'><strong>sed</strong></span> <span class='ocrx_word' id='word_1_275' title='bbox 2104 2942 2279 2995; x_wconf 88' lang='lat' dir='ltr'><strong>etiam</strong></span> <span class='ocrx_word' id='word_1_276' title='bbox 2340 2939 2605 2997; x_wconf 89' lang='lat' dir='ltr'><strong>omnibus</strong></span> <span class='ocrx_word' id='word_1_277' title='bbox 2660 2940 2720 2995; x_wconf 90' lang='lat' dir='ltr'><strong>in</strong></span> <span class='ocrx_word' id='word_1_278' title='bbox 2764 2936 2915 2993; x_wconf 85' lang='lat' dir='ltr'><strong>rebus</strong></span> 
     </span>
     <span class='ocr_line' id='line_1_31' title="bbox 584 3023 2917 3098; baseline -0.003 -14"><span class='ocrx_word' id='word_1_279' title='bbox 584 3028 894 3084; x_wconf 77' lang='lat' dir='ltr'><strong>maximam</strong></span> <span class='ocrx_word' id='word_1_280' title='bbox 941 3026 1306 3098; x_wconf 78' lang='lat' dir='ltr'><strong>diligentiam</strong></span> <span class='ocrx_word' id='word_1_281' title='bbox 1356 3027 1713 3097; x_wconf 81' lang='lat' dir='ltr'><strong>adhibuisse3</strong></span> <span class='ocrx_word' id='word_1_282' title='bbox 1762 3026 1911 3098; x_wconf 92' lang='lat' dir='ltr'><strong>quod</strong></span> <span class='ocrx_word' id='word_1_283' title='bbox 1950 3029 2004 3084; x_wconf 91' lang='lat' dir='ltr'><strong>ei</strong></span> <span class='ocrx_word' id='word_1_284' title='bbox 2038 3028 2380 3085; x_wconf 91' lang='lat' dir='ltr'><strong>monendum</strong></span> <span class='ocrx_word' id='word_1_285' title='bbox 2417 3032 2525 3097; x_wconf 87' lang='lat' dir='ltr'><strong>est,</strong></span> <span class='ocrx_word' id='word_1_286' title='bbox 2571 3045 2649 3085; x_wconf 90' lang='lat' dir='ltr'><strong>ne</strong></span> <span class='ocrx_word' id='word_1_287' title='bbox 2694 3023 2917 3098; x_wconf 81' lang='lat' dir='ltr'><strong>Spudias</strong></span> 
     </span>
     <span class='ocr_line' id='line_1_32' title="bbox 585 3109 2917 3179; baseline -0.004 -5"><span class='ocrx_word' id='word_1_288' title='bbox 585 3116 898 3174; x_wconf 87' lang='lat' dir='ltr'><strong>contendat</strong></span> <span class='ocrx_word' id='word_1_289' title='bbox 960 3132 1184 3173; x_wconf 90' lang='lat' dir='ltr'><strong>socrum</strong></span> <span class='ocrx_word' id='word_1_290' title='bbox 1246 3115 1396 3173; x_wconf 86' lang='lat' dir='ltr'><strong>falso</strong></span> <span class='ocrx_word' id='word_1_291' title='bbox 1458 3116 1568 3173; x_wconf 87' lang='lat' dir='ltr'><strong>hoc</strong></span> <span class='ocrx_word' id='word_1_292' title='bbox 1628 3132 1837 3173; x_wconf 87' lang='lat' dir='ltr'><strong>nomen</strong></span> <span class='ocrx_word' id='word_1_293' title='bbox 1900 3117 1963 3172; x_wconf 93' lang='lat' dir='ltr'><strong>in</strong></span> <span class='ocrx_word' id='word_1_294' title='bbox 2019 3117 2251 3173; x_wconf 86' lang='lat' dir='ltr'><strong>tabulas</strong></span> <span class='ocrx_word' id='word_1_295' title='bbox 2305 3116 2626 3179; x_wconf 88' lang='lat' dir='ltr'><strong>rettulisse.</strong></span> <span class='ocrx_word' id='word_1_296' title='bbox 2718 3109 2917 3172; x_wconf 77' lang='lat' dir='ltr'><strong>Deinde</strong></span> 
     </span>
     <span class='ocr_line' id='line_1_33' title="bbox 586 3198 2917 3285; baseline 0 -22"><span class='ocrx_word' id='word_1_297' title='bbox 586 3206 764 3263; x_wconf 85' lang='lat' dir='ltr'><strong>velim</strong></span> <span class='ocrx_word' id='word_1_298' title='bbox 809 3206 1093 3276; x_wconf 87' lang='lat' dir='ltr'><strong>respicias</strong></span> <span class='ocrx_word' id='word_1_299' title='bbox 1132 3222 1331 3264; x_wconf 88' lang='lat' dir='ltr'><strong>vocem</strong></span> <span class='ocrx_word' id='word_1_300' title='bbox 1371 3198 1739 3282; x_wconf 77' lang='grc' dir='ltr'><strong><em>ἕπερωτᾶνε</em></strong></span> <span class='ocrx_word' id='word_1_301' title='bbox 1785 3222 1975 3262; x_wconf 87' lang='lat' dir='ltr'><strong>nonne</strong></span> <span class='ocrx_word' id='word_1_302' title='bbox 2020 3206 2228 3262; x_wconf 89' lang='lat' dir='ltr'><strong>melius</strong></span> <span class='ocrx_word' id='word_1_303' title='bbox 2266 3206 2517 3276; x_wconf 90' lang='lat' dir='ltr'><strong>quadrat</strong></span> <span class='ocrx_word' id='word_1_304' title='bbox 2563 3206 2638 3263; x_wconf 91' lang='lat' dir='ltr'><strong>ad</strong></span> <span class='ocrx_word' id='word_1_305' title='bbox 2686 3203 2917 3285; x_wconf 80' lang='grc' dir='ltr'><strong><em>κυρίους</em></strong></span> 
     </span>
     <span class='ocr_line' id='line_1_34' title="bbox 587 3288 2921 3366; baseline -0.004 -15"><span class='ocrx_word' id='word_1_306' title='bbox 587 3311 759 3365; x_wconf 91' lang='lat' dir='ltr'><strong>quam</strong></span> <span class='ocrx_word' id='word_1_307' title='bbox 798 3294 872 3351; x_wconf 88' lang='lat' dir='ltr'><strong>ad</strong></span> <span class='ocrx_word' id='word_1_308' title='bbox 909 3292 1130 3351; x_wconf 81' lang='lat' dir='ltr'><strong>testes?</strong></span> <span class='ocrx_word' id='word_1_309' title='bbox 1186 3294 1452 3351; x_wconf 78' lang='lat' dir='ltr'><strong>&#39;restium</strong></span> <span class='ocrx_word' id='word_1_310' title='bbox 1490 3295 1644 3351; x_wconf 91' lang='lat' dir='ltr'><strong>enim</strong></span> <span class='ocrx_word' id='word_1_311' title='bbox 1680 3310 1795 3351; x_wconf 89' lang='lat' dir='ltr'><strong>non</strong></span> <span class='ocrx_word' id='word_1_312' title='bbox 1823 3298 1915 3351; x_wconf 90' lang='lat' dir='ltr'><strong>est</strong></span> <span class='ocrx_word' id='word_1_313' title='bbox 1952 3310 2249 3365; x_wconf 88' lang='lat' dir='ltr'><strong>quaerere,</strong></span> <span class='ocrx_word' id='word_1_314' title='bbox 2288 3295 2426 3366; x_wconf 88' lang='lat' dir='ltr'><strong>quid</strong></span> <span class='ocrx_word' id='word_1_315' title='bbox 2462 3295 2593 3365; x_wconf 83' lang='lat' dir='ltr'><strong>fiat3</strong></span> <span class='ocrx_word' id='word_1_316' title='bbox 2634 3296 2720 3352; x_wconf 89' lang='lat' dir='ltr'><strong>eis</strong></span> <span class='ocrx_word' id='word_1_317' title='bbox 2756 3288 2921 3348; x_wconf 84' lang='lat' dir='ltr'><strong>omnia</strong></span> 
     </span>
     <span class='ocr_line' id='line_1_35' title="bbox 587 3382 2919 3463; baseline -0.001 -23"><span class='ocrx_word' id='word_1_318' title='bbox 587 3382 990 3452; x_wconf 87' lang='lat' dir='ltr'><strong>ostenduntur,</strong></span> <span class='ocrx_word' id='word_1_319' title='bbox 1035 3400 1170 3440; x_wconf 89' lang='lat' dir='ltr'><strong>nam</strong></span> <span class='ocrx_word' id='word_1_320' title='bbox 1205 3387 1506 3453; x_wconf 84' lang='lat' dir='ltr'><strong>vocantur,</strong></span> <span class='ocrx_word' id='word_1_321' title='bbox 1552 3388 1621 3440; x_wconf 90' lang='lat' dir='ltr'><strong>ut</strong></span> <span class='ocrx_word' id='word_1_322' title='bbox 1655 3384 1847 3439; x_wconf 88' lang='lat' dir='ltr'><strong>omnia</strong></span> <span class='ocrx_word' id='word_1_323' title='bbox 1882 3382 2141 3443; x_wconf 89' lang='lat' dir='ltr'><strong>videant.</strong></span> <span class='ocrx_word' id='word_1_324' title='bbox 2215 3384 2345 3440; x_wconf 86' lang='lat' dir='ltr'><strong>Vox</strong></span> <span class='ocrx_word' id='word_1_325' title='bbox 2388 3389 2706 3463; x_wconf 83' lang='grc' dir='ltr'><strong><em>παρεῖναι</em></strong></span> <span class='ocrx_word' id='word_1_326' title='bbox 2752 3384 2919 3438; x_wconf 77' lang='lat' dir='ltr'><strong>autem</strong></span> 
     </span>
     <span class='ocr_line' id='line_1_36' title="bbox 588 3464 2921 3552; baseline -0.004 -23"><span class='ocrx_word' id='word_1_327' title='bbox 588 3472 978 3530; x_wconf 88' lang='lat' dir='ltr'><strong>usitatissima</strong></span> <span class='ocrx_word' id='word_1_328' title='bbox 992 3464 1043 3552; x_wconf 84' lang='lat'><strong>1)</strong></span> <span class='ocrx_word' id='word_1_329' title='bbox 1097 3476 1212 3543; x_wconf 90' lang='lat' dir='ltr'><strong>est,</strong></span> <span class='ocrx_word' id='word_1_330' title='bbox 1269 3473 1322 3529; x_wconf 90' lang='lat' dir='ltr'><strong>si</strong></span> <span class='ocrx_word' id='word_1_331' title='bbox 1365 3473 1569 3543; x_wconf 89' lang='lat' dir='ltr'><strong>agitur</strong></span> <span class='ocrx_word' id='word_1_332' title='bbox 1614 3472 1685 3529; x_wconf 93' lang='lat' dir='ltr'><strong>de</strong></span> <span class='ocrx_word' id='word_1_333' title='bbox 1730 3473 2005 3550; x_wconf 87' lang='grc' dir='ltr'><strong><em>κυρίοις,</em></strong></span> <span class='ocrx_word' id='word_1_334' title='bbox 2048 3488 2235 3543; x_wconf 87' lang='lat' dir='ltr'><strong>neque</strong></span> <span class='ocrx_word' id='word_1_335' title='bbox 2282 3474 2579 3544; x_wconf 88' lang='lat' dir='ltr'><strong>qnisquam</strong></span> <span class='ocrx_word' id='word_1_336' title='bbox 2630 3469 2921 3533; x_wconf 81' lang='lat' dir='ltr'><strong>dubitaret,</strong></span> 
     </span>
     <span class='ocr_line' id='line_1_37' title="bbox 590 3560 2924 3642; baseline 0 -24"><span class='ocrx_word' id='word_1_337' title='bbox 590 3560 867 3634; x_wconf 90' lang='lat' dir='ltr'><strong>quomodo</strong></span> <span class='ocrx_word' id='word_1_338' title='bbox 914 3561 1098 3619; x_wconf 87' lang='lat' dir='ltr'><strong>verba</strong></span> <span class='ocrx_word' id='word_1_339' title='bbox 1141 3565 1338 3619; x_wconf 89' lang='lat' dir='ltr'><strong>essent</strong></span> <span class='ocrx_word' id='word_1_340' title='bbox 1379 3560 1805 3632; x_wconf 88' lang='lat' dir='ltr'><strong>intellegenda,</strong></span> <span class='ocrx_word' id='word_1_341' title='bbox 1861 3563 1914 3618; x_wconf 92' lang='lat' dir='ltr'><strong>si</strong></span> <span class='ocrx_word' id='word_1_342' title='bbox 1966 3561 2291 3632; x_wconf 88' lang='lat' dir='ltr'><strong>legeremus</strong></span> <span class='ocrx_word' id='word_1_343' title='bbox 2336 3564 2659 3642; x_wconf 81' lang='grc' dir='ltr'><strong><em>παρόντες</em></strong></span> <span class='ocrx_word' id='word_1_344' title='bbox 2715 3560 2795 3641; x_wconf 83' lang='grc' dir='ltr'><strong>τῇ</strong></span> <span class='ocrx_word' id='word_1_345' title='bbox 2836 3572 2924 3631; x_wconf 81' lang='grc' dir='ltr'><strong>γυ·</strong></span> 
     </span>
     <span class='ocr_line' id='line_1_38' title="bbox 587 3646 2924 3722; baseline -0.006 -10"><span class='ocrx_word' id='word_1_346' title='bbox 587 3651 793 3721; x_wconf 84' lang='grc' dir='ltr'><strong><em>ναικί;</em></strong></span> <span class='ocrx_word' id='word_1_347' title='bbox 868 3651 1051 3710; x_wconf 90' lang='lat' dir='ltr'><strong>verbo</strong></span> <span class='ocrx_word' id='word_1_348' title='bbox 1125 3646 1332 3711; x_wconf 82' lang='grc' dir='ltr'><strong><em>ἅπασι</em></strong></span> <span class='ocrx_word' id='word_1_349' title='bbox 1407 3649 1605 3707; x_wconf 82' lang='lat' dir='ltr'><strong>addito</strong></span> <span class='ocrx_word' id='word_1_350' title='bbox 1684 3666 1915 3707; x_wconf 88' lang='lat' dir='ltr'><strong>sensnm</strong></span> <span class='ocrx_word' id='word_1_351' title='bbox 1988 3649 2401 3722; x_wconf 89' lang='lat' dir='ltr'><strong>quodammodo</strong></span> <span class='ocrx_word' id='word_1_352' title='bbox 2472 3650 2771 3708; x_wconf 86' lang='lat' dir='ltr'><strong>obscurari</strong></span> <span class='ocrx_word' id='word_1_353' title='bbox 2828 3657 2924 3703; x_wconf 87' lang='lat' dir='ltr'><strong>non</strong></span> 
     </span>
     <span class='ocr_line' id='line_1_39' title="bbox 591 3756 966 3813; baseline -0.008 -14"><span class='ocrx_word' id='word_1_354' title='bbox 591 3756 888 3813; x_wconf 89' lang='lat' dir='ltr'><strong>negemus.</strong></span> <span class='ocrx_word' id='word_1_355' title='bbox 963 3808 966 3811; x_wconf 13' lang='lat'><strong>⁴</strong></span> 
     </span>
    </p>
   </div>
   <div class='ocr_carea' id='block_1_6' title="bbox 773 3823 2930 3909">
    <p class='ocr_par' dir='ltr' id='par_1_8' title="bbox 773 3823 2930 3909">
     <span class='ocr_line' id='line_1_40' title="bbox 773 3823 2930 3909; baseline -0.005 -23"><span class='ocrx_word' id='word_1_356' title='bbox 773 3829 1042 3901; x_wconf 89' lang='lat' dir='ltr'><strong>Denique</strong></span> <span class='ocrx_word' id='word_1_357' title='bbox 1087 3830 1288 3899; x_wconf 87' lang='lat' dir='ltr'><strong>magni</strong></span> <span class='ocrx_word' id='word_1_358' title='bbox 1334 3828 1613 3886; x_wconf 90' lang='lat' dir='ltr'><strong>momenti</strong></span> <span class='ocrx_word' id='word_1_359' title='bbox 1657 3832 1771 3900; x_wconf 89' lang='lat' dir='ltr'><strong>est,</strong></span> <span class='ocrx_word' id='word_1_360' title='bbox 1837 3828 1987 3899; x_wconf 90' lang='lat' dir='ltr'><strong>quod</strong></span> <span class='ocrx_word' id='word_1_361' title='bbox 2052 3823 2114 3887; x_wconf 79' lang='grc' dir='ltr'><strong><em>οἱ</em></strong></span> <span class='ocrx_word' id='word_1_362' title='bbox 2169 3830 2491 3909; x_wconf 83' lang='grc' dir='ltr'><strong><em>παρόντες</em></strong></span> <span class='ocrx_word' id='word_1_363' title='bbox 2544 3832 2684 3885; x_wconf 88' lang='lat' dir='ltr'><strong>sunt</strong></span> <span class='ocrx_word' id='word_1_364' title='bbox 2733 3826 2930 3883; x_wconf 81' lang='lat' dir='ltr'><strong>fratres</strong></span> 
     </span>
    </p>
   </div>
   <div class='ocr_carea' id='block_1_7' title="bbox 587 3978 1020 3985">
    <p class='ocr_par' dir='ltr' id='par_1_9' title="bbox 587 3978 1020 3985">
     <span class='ocr_line' id='line_1_41' title="bbox 587 3978 1020 3985; baseline 0 874"><span class='ocrx_word' id='word_1_365' title='bbox 587 3978 1020 3985; x_wconf 95' lang='lat' dir='ltr'><strong> </strong></span> 
     </span>
    </p>
   </div>
   <div class='ocr_carea' id='block_1_8' title="bbox 597 4050 2933 4269">
    <p class='ocr_par' dir='ltr' id='par_1_10' title="bbox 597 4050 2933 4268">
     <span class='ocr_line' id='line_1_42' title="bbox 777 4050 2933 4123; baseline -0.003 -16"><span class='ocrx_word' id='word_1_366' title='bbox 777 4053 823 4123; x_wconf 81' lang='grc'><strong>1)</strong></span> <span class='ocrx_word' id='word_1_367' title='bbox 859 4068 905 4109; x_wconf 80' lang='grc' dir='ltr'><strong><em>ο.</em></strong></span> <span class='ocrx_word' id='word_1_368' title='bbox 945 4070 1001 4121; x_wconf 84' lang='lat' dir='ltr'><strong>g.</strong></span> <span class='ocrx_word' id='word_1_369' title='bbox 1040 4053 1092 4107; x_wconf 92' lang='lat' dir='ltr'><strong>J.</strong></span> <span class='ocrx_word' id='word_1_370' title='bbox 1137 4054 1202 4107; x_wconf 94' lang='lat' dir='ltr'><strong>G.</strong></span> <span class='ocrx_word' id='word_1_371' title='bbox 1231 4052 1529 4120; x_wconf 81' lang='lat' dir='ltr'><strong>vn(=c.</strong></span> <span class='ocrx_word' id='word_1_372' title='bbox 1550 4052 1604 4107; x_wconf 94' lang='lat' dir='ltr'><strong>J.</strong></span> <span class='ocrx_word' id='word_1_373' title='bbox 1626 4051 1689 4107; x_wconf 93' lang='lat' dir='ltr'>G</span> <span class='ocrx_word' id='word_1_374' title='bbox 1713 4052 1805 4109; x_wconf 77' lang='lat' dir='ltr'><strong>Gr</strong></span> <span class='ocrx_word' id='word_1_375' title='bbox 1828 4058 1965 4120; x_wconf 81' lang='lat' dir='ltr'><strong>sept.</strong></span> <span class='ocrx_word' id='word_1_376' title='bbox 1987 4052 2037 4121; x_wconf 90' lang='grc' dir='ltr'><strong>Ι)</strong></span> <span class='ocrx_word' id='word_1_377' title='bbox 2081 4053 2223 4106; x_wconf 77' lang='lat'>3172</span> <span class='ocrx_word' id='word_1_378' title='bbox 2251 4052 2333 4105; x_wconf 84' lang='lat' dir='ltr'><strong>VI</strong></span> <span class='ocrx_word' id='word_1_379' title='bbox 2360 4052 2449 4121; x_wconf 88' lang='lat' dir='ltr'><strong>(A)</strong></span> <span class='ocrx_word' id='word_1_380' title='bbox 2494 4052 2592 4105; x_wconf 81' lang='lat' dir='ltr'><strong>lin.</strong></span> <span class='ocrx_word' id='word_1_381' title='bbox 2620 4054 2653 4105; x_wconf 84' lang='lat'>2</span> <span class='ocrx_word' id='word_1_382' title='bbox 2690 4050 2933 4119; x_wconf 69' lang='grc' dir='ltr'><strong><em>παρόντος</em></strong></span> 
     </span>
     <span class='ocr_line' id='line_1_43' title="bbox 597 4122 2932 4199; baseline -0.003 -20"><span class='ocrx_word' id='word_1_383' title='bbox 597 4128 732 4199; x_wconf 81' lang='grc' dir='ltr'><strong><em>αὐτῇ</em></strong></span> <span class='ocrx_word' id='word_1_384' title='bbox 767 4130 956 4197; x_wconf 85' lang='grc' dir='ltr'><strong><em>κυρίου</em></strong></span> <span class='ocrx_word' id='word_1_385' title='bbox 991 4134 1085 4177; x_wconf 83' lang='grc' dir='ltr'><strong>τοῦ</strong></span> <span class='ocrx_word' id='word_1_386' title='bbox 1121 4126 1332 4195; x_wconf 76' lang='grc' dir='ltr'><strong><em>ἀνδρός,</em></strong></span> <span class='ocrx_word' id='word_1_387' title='bbox 1368 4124 1486 4178; x_wconf 84' lang='lat' dir='ltr'><strong>Sim.</strong></span> <span class='ocrx_word' id='word_1_388' title='bbox 1505 4123 1579 4179; x_wconf 85' lang='lat' dir='ltr'><strong>ib.</strong></span> <span class='ocrx_word' id='word_1_389' title='bbox 1600 4124 1760 4190; x_wconf 86' lang='grc'><strong><em>3322,</em></strong></span> <span class='ocrx_word' id='word_1_390' title='bbox 1780 4126 1838 4193; x_wconf 85' lang='grc'><strong>3;</strong></span> <span class='ocrx_word' id='word_1_391' title='bbox 1877 4125 2036 4189; x_wconf 86' lang='grc'><strong><em>3326,</em></strong></span> <span class='ocrx_word' id='word_1_392' title='bbox 2054 4124 2114 4191; x_wconf 87' lang='grc'><strong>3;</strong></span> <span class='ocrx_word' id='word_1_393' title='bbox 2151 4125 2319 4188; x_wconf 84' lang='grc'><strong><em>3327,</em></strong></span> <span class='ocrx_word' id='word_1_394' title='bbox 2332 4126 2390 4192; x_wconf 88' lang='grc'><strong>2;</strong></span> <span class='ocrx_word' id='word_1_395' title='bbox 2428 4124 2588 4189; x_wconf 83' lang='grc'><strong><em>3330,</em></strong></span> <span class='ocrx_word' id='word_1_396' title='bbox 2607 4125 2667 4178; x_wconf 92' lang='grc'><strong>6.</strong></span> <span class='ocrx_word' id='word_1_397' title='bbox 2689 4122 2932 4191; x_wconf 74' lang='grc' dir='ltr'><strong><em>παρόντος</em></strong></span> 
     </span>
     <span class='ocr_line' id='line_1_44' title="bbox 597 4190 2784 4269; baseline -0.001 -20"><span class='ocrx_word' id='word_1_398' title='bbox 597 4200 736 4268; x_wconf 80' lang='grc' dir='ltr'><strong><em>αὐτῇ</em></strong></span> <span class='ocrx_word' id='word_1_399' title='bbox 771 4207 864 4249; x_wconf 82' lang='grc' dir='ltr'><strong>τοῦ</strong></span> <span class='ocrx_word' id='word_1_400' title='bbox 901 4197 1112 4267; x_wconf 74' lang='grc' dir='ltr'><strong><em>ἀνδρός,</em></strong></span> <span class='ocrx_word' id='word_1_401' title='bbox 1152 4200 1416 4267; x_wconf 83' lang='grc' dir='ltr'><strong><em>παρόντος</em></strong></span> <span class='ocrx_word' id='word_1_402' title='bbox 1452 4198 1587 4269; x_wconf 78' lang='grc' dir='ltr'><strong>αὐτῇ</strong></span> <span class='ocrx_word' id='word_1_403' title='bbox 1622 4206 1713 4249; x_wconf 82' lang='grc' dir='ltr'><strong>τοῦ</strong></span> <span class='ocrx_word' id='word_1_404' title='bbox 1748 4200 1963 4266; x_wconf 82' lang='grc' dir='ltr'><strong><em>πατρός,</em></strong></span> <span class='ocrx_word' id='word_1_405' title='bbox 2002 4203 2184 4266; x_wconf 84' lang='grc' dir='ltr'><strong><em>παρῆν</em></strong></span> <span class='ocrx_word' id='word_1_406' title='bbox 2221 4190 2527 4267; x_wconf 74' lang='grc' dir='ltr'><strong><em>Παραμονᾳ</em></strong></span> <span class='ocrx_word' id='word_1_407' title='bbox 2565 4201 2594 4249; x_wconf 78' lang='grc' dir='ltr'><strong><em>ὁ</em></strong></span> <span class='ocrx_word' id='word_1_408' title='bbox 2630 4194 2784 4263; x_wconf 77' lang='grc' dir='ltr'><strong><em>ἀνήρ.</em></strong></span> 
     </span>
    </p>
   </div>
   <div class='ocr_carea' id='block_1_9' title="bbox 2954 2564 2994 4785">
    <p class='ocr_par' dir='ltr' id='par_1_11' title="bbox 2954 2564 2994 4785">
     <span class='ocr_line' id='line_1_45' title="bbox 2954 2564 2994 4785; baseline 0 0"><span class='ocrx_word' id='word_1_409' title='bbox 2954 2564 2994 4785; x_wconf 95' lang='lat' dir='ltr'><strong> </strong></span> 
     </span>
    </p>
   </div>
  </div>
 </body>
</html>
