3009 4859
75 1294 238 1351 ratio
299 1290 778 1363 Demosthenica,
844 1291 938 1348 cui
1001 1290 1342 1364 inscriptum
1405 1295 1497 1349 est
1560 1289 1725 1372 πρὸς
1780 1290 2123 1354 Σπουδίαν
2186 1287 2355 1371 ὑπὲρ

121 1383 414 1461 προικός
463 1373 696 1459 (XLI.),
759 1380 918 1438 inter
962 1376 1186 1455 λόγους
1233 1378 1600 1448 δικανικοὺς
1664 1375 2047 1459 ἰδιωτικούς,
2112 1382 2211 1455 qui
2274 1382 2357 1439 di-

75 1477 226 1544 ntur‚
280 1485 320 1526 a
366 1468 755 1527 Demosthene
803 1471 1052 1542 scriptos
1099 1474 1204 1527 aut
1249 1469 1478 1542 quidem
1517 1470 1579 1527 in
1626 1470 1919 1529 codicibus
1966 1470 2092 1529 eius
2135 1471 2357 1529 nomini

75 1559 262 1616 lictos
312 1556 438 1615 fere
483 1558 876 1631 brevissimuS,
923 1557 1111 1616 adhuc
1155 1559 1376 1617 nemini
1422 1559 1605 1631 digna
1648 1560 1779 1619 visa
1825 1563 1941 1632 est,
1988 1576 2138 1633 quae
2182 1576 2355 1633 pecu-

75 1649 122 1706 ri
192 1648 685 1706 commentatione
743 1644 1178 1724 tractaretur.²)
1280 1648 1480 1721 Neque
1526 1648 1706 1707 velim
1747 1649 2003 1721 mireris,
2052 1649 2203 1722 quod
2250 1650 2357 1707 hoc

76 1738 123 1795 li
193 1737 504 1810 proposui,
569 1752 941 1809 quamquam·
979 1736 1180 1810 qualia
1242 1737 1460 1795 iudicia
1522 1738 1641 1796 viri
1707 1736 1862 1795 docti
1917 1738 2153 1811 quidam
2206 1738 2355 1795 iuris

75 1827 176 1885 aiei
227 1826 426 1885 civilis
472 1826 651 1899 periti
698 1824 768 1884 de
815 1826 1079 1885 oratione
1124 1826 1493 1899 protulerint,
1540 1842 1655 1884 non
1699 1826 1929 1899 ignoro:
1994 1827 2146 1900 „Die
2190 1825 2355 1884 Rede

75 1958 84 1985 ,
154 1916 277 1973 wie
327 1930 388 1971 es
437 1914 539 1972 der
587 1912 968 1986 Gegenstand
1013 1913 1331 1987 erfordert,
1396 1916 1535 1973 sehr
1588 1914 1861 1973 einfach“
1932 1913 2186 1992 (Becker
2229 1916 2268 1974 1.
2307 1932 2353 1973 s,

75 1998 244 2085 441)
287 2008 415 2060 aut:
464 2004 614 2076 „Die
651 2002 838 2062 Sache
871 2004 956 2061 ist
989 2004 1221 2062 einfach
1257 2004 1377 2062 und
1420 2003 1540 2062 liess
1586 2004 1730 2076 sich,
1778 2006 1890 2064 wie
1926 2022 1989 2063 es
2026 2004 2355 2077 geschehen

75 2140 80 2157 ,
130 2095 200 2151 in
252 2092 360 2149 der
402 2092 603 2151 Kiirze
648 2092 1030 2152 behandeln.“
1131 2086 1435 2173 (Schaefer
1478 2095 1518 2155 1.
1556 2110 1603 2151 s.
1647 2110 1702 2166 p.
1746 2090 1919 2175 228.)

166 2181 308 2239 Non
370 2182 520 2239 satis
585 2181 737 2239 enim
751 2224 765 2253 ,
830 2181 967 2254 quid
1022 2180 1114 2239 illi
1177 2183 1270 2240 his
1317 2182 1517 2241 verbis
1562 2182 1825 2240 indicare
1870 2183 2191 2256 voluerint,
2256 2200 2353 2257 ap-

75 2287 210 2327 rere
279 2269 540 2327 videtur:
619 2271 669 2328 si
731 2276 970 2328 censent
1032 2287 1128 2329 res
1191 2272 1280 2329 ita
1345 2274 1713 2344 comparatas
1778 2288 1927 2345 esse,
2002 2278 2072 2330 ut
2132 2271 2353 2330 iudices

75 2359 423 2431 henienses,
489 2376 637 2431 quae
684 2364 839 2416 esset
885 2376 1085 2433 causa,
1149 2360 1323 2418 facile
1368 2361 1790 2433 intellegerent
1843 2366 1905 2419 et
1950 2362 2141 2420 altera
2185 2366 2356 2435 parte

75 2449 226 2520 lita,
287 2447 565 2520 quomodo
613 2448 910 2506 sententia
957 2448 1200 2507 ferenda
1245 2453 1414 2523 esset,
1461 2466 1577 2508 non
1623 2450 1988 2525 dubitarent,
2034 2467 2199 2509 nemo
2246 2456 2353 2523 est,

77 2556 126 2595 n
178 2536 585 2610 adsentiatur,
641 2536 741 2595 sed
781 2538 908 2609 quis
952 2538 1090 2597 inde
1136 2538 1378 2611 colligat
1425 2540 1745 2598 orationem
1790 2540 1949 2598 hisce
1995 2539 2357 2614 temporibus

77 2645 127 2685 te
179 2632 392 2683 nostra
436 2627 582 2685 iuris
621 2626 812 2684 Attici
857 2626 1106 2685 scientia
1152 2628 1555 2701 explicandam
1601 2628 1983 2687 difficultates
2029 2645 2143 2687 non
2187 2645 2355 2703 prae-

77 2732 144 2786 ·e,
195 2716 550 2787 praesertim
597 2731 726 2773 cum
772 2715 911 2788 quid
957 2716 1337 2776 adversarius
1382 2717 1752 2791 responderit
1795 2716 2147 2779 nesciamus!
2222 2718 2353 2776 Non

77 2810 205 2860 tunt
254 2803 636 2862 difficultates
693 2809 870 2876 atque
929 2807 1084 2863 omni
1138 2824 1208 2863 ex
1253 2812 1428 2880 parte
1474 2812 1701 2864 stantes
1748 2824 1785 2865 a
1829 2807 2131 2865 Theodoro
2177 2806 2355 2865 Thal-

77 2910 164 2963 .m,
206 2893 312 2963 qui
348 2892 640 2949 nonnullis
678 2894 1114 2964 quaestionibus
1151 2894 1227 2950 ad
1264 2896 1584 2953 orationem
1611 2897 2043 2968 pertinentibus
2079 2897 2355 2954 tractatis

77 2981 190 3037 lit:
278 2978 482 3055 „Aber
554 2980 703 3038 auch
766 2986 934 3038 sonst
997 2982 1229 3039 enthalt
1291 2982 1384 3039 die
1446 2984 1630 3040 kurze
1694 2982 1857 3041 Rede
1922 2984 2146 3055 einiges
2210 2984 2354 3043 Auf-

177 3188 221 3253 1)
257 3185 503 3240 breviter
538 3186 605 3240 de
640 3185 905 3239 orationis
943 3201 1108 3240 causa
1146 3194 1536 3256 exposuerunt:

77 3257 268 3313 sanius
304 3257 362 3311 in
400 3258 626 3324 hypoth.
665 3257 926 3312 orationis
961 3274 1013 3325 p.
1051 3260 1210 3313 1027.

77 3329 328 3385 Gerhard
346 3328 578 3453 Βθὲξδῐι
619 3328 1012 3385 Demosthenes
1049 3330 1130 3385 als
1149 3331 1500 3385 Staatsmann
1537 3333 1649 3387 und
1686 3333 1917 3400 Redner‚
1956 3334 2113 3396 1816,
2152 3333 2255 3391 vol.
2276 3333 2351 3399 II,

320 3416 374 3467 p.
524 3440 536 3453 .

77 3473 205 3525 nold
244 3471 527 3525 Schaefer:
568 3470 960 3526 Demosthenes
997 3473 1111 3525 und
1147 3473 1295 3527 seine
1331 3474 1469 3543 Zeit‚
1507 3475 1614 3529 vol.
1635 3474 1725 3528 III
1742 3474 1813 3528 B¹
1835 3474 1992 3543 1858,
2029 3493 2081 3547 p.
2103 3476 2225 3533 227.

79 3543 276 3609 dolphe
331 3542 585 3596 Dareste:
643 3542 748 3597 Les
804 3542 1105 3611 plaidoyers
1161 3544 1316 3599 civils
1373 3547 1438 3600 de
1491 3546 1881 3614 Demosthene,
1937 3548 2043 3605 vol.
2080 3547 2135 3615 I,
2193 3547 2351 3616 1875,

79 3684 280 3738 {edrich
314 3614 497 3739 3133?
516 3629 631 3739 {3112
657 3686 892 3741 attische
929 3686 1358 3754 Beredsamkeit,
1396 3687 1500 3753 III,
1523 3690 1595 3755 12,
1636 3689 1793 3756 1893,
1829 3706 1881 3757 p.
1904 3689 2009 3745 249
2028 3704 2141 3758 sqq.

139 3756 207 3809 de
251 3753 484 3823 singulis
522 3756 930 3822 quaestionibus
967 3764 1200 3827 egerunt
1237 3760 1565 3813 accuratius:

79 3827 246 3881 codor
282 3824 622 3951 '1¹hall1eim:8
632 3826 734 3882 Die
770 3828 1256 3897 Rechtsfahigkeit
1291 3831 1388 3885 der
1423 3831 1656 3887 Frauen.
1730 3831 1917 3900 Progr.
1936 3832 2352 3887 Schneidemiihl

79 3968 132 4023 iil
179 3897 592 4024 SzanssffiQfibIgI
627 3941 716 4024 die
751 3970 955 4038 griech.
993 3971 1306 4041 Hypothek.
1379 3972 1759 4042 Arch.-Epigr.
1815 3973 1967 4029 Mitt.
2006 3988 2104 4028 aus
2124 3971 2349 4031 Oeten-.-

319 4040 465 4107 Ung.
503 4041 606 4094 XX
643 4042 826 4112 (1897)
861 4060 913 4111 p.
936 4046 1040 4099 101
1061 4058 1174 4113 sqq.
1213 4074 1282 4085 —
1319 4044 1909 4115 Ausgew.Abhandlg.
1946 4063 1998 4114 Ρ.
2024 4047 2124 4100 121
2145 4062 2259 4113 sqq.

133 4112 443 4166 orationem
480 4128 588 4166 non
626 4112 893 4169 continet:

79 4183 231 4251 yard,
269 4183 678 4311 ngosthleggeg,
735 4186 975 4240 discours
1006 4185 1341 4256 judiciaires.
1399 4187 1755 4255 Traduction,
1796 4193 2139 4257 argumentS,
2176 4193 2350 4244 notes,

368 4270 478 4309 aris
660 4300 672 4312 .
