3009 4859
1512 314 1956 372 —28—

557 490 712 563 quod
756 489 878 551 viri
923 490 1079 549 docti
1123 490 1486 549 contendunt
1520 484 1621 571 (cf.
1668 507 1723 563 p.
1764 483 1893 571 26),
1940 489 2043 547 66(1
2087 490 2217 547 1166
2262 488 2424 561 1686
2468 488 2578 546 1106
2622 505 2735 547 11011
2776 506 2885 547 6011-

557 580 858 652 stituitur,
923 596 1058 637 nam
1113 579 1248 637 aliis
1299 580 1500 639 verbis
1554 595 1695 637 usus
1748 580 2085 637 accuratius
2138 578 2333 636 dicere
2386 577 2711 653 debuisset,
2769 578 2886 651 quid

559 668 770 741 vellet,
833 670 911 740 16,
975 669 1076 741 qui
1137 668 1326 740 legem
1389 668 1549 729 tulit.
1638 668 1710 725 In
1773 668 1976 740 primis
2020 672 2216 726 autem
2262 672 2735 740 exspectaremus
2774 667 2887 738 1686
2977 666 2979 672 ’

553 758 810 817 dilucide
854 758 1177 829 significari
1221 774 1370 830 eum,
1417 758 1519 829 qui
1564 758 1779 830 pignus
1823 758 2137 830 acceperit,
2181 758 2309 814 sine
2353 756 2569 814 iudicio
2615 753 2682 837 (i.
2720 773 2766 813 6.
2798 756 2886 813 lite

557 841 674 905 non
726 843 982 923 intenta)
1027 846 1090 904 in
1144 846 1408 919 pignoris
1452 847 1871 919 possessionem
1914 846 2150 917 ingredi
2205 861 2391 919 posse.
2493 846 2889 903 Demosthenes

560 940 758 994 autem
793 936 1070 993 ambobus
1107 934 1250 993 10616
1287 929 1350 1016 (ξ
1393 939 1426 993 7
1470 926 1865 1016 ἅπετίμησεε
1914 935 2014 1007 qui
2056 936 2271 1008 pignus
2318 933 2506 1005 dedit3
2554 932 2590 1009 ἓ
2634 936 2717 994 10
2752 934 2889 1015 πρὸς

561 1023 715 1093 τοὺς
760 1018 1055 1099 ἔχονταςε
1122 1024 1406 1083 adversus
1461 1040 1587 1096 eos,
1652 1026 1753 1096 qui
1809 1025 2025 1097 pignus
2068 1017 2446 1102 acceperunt)
2486 1028 2766 1095 testatur,
2824 1023 2891 1079 eis

557 1114 661 1186 qui
714 1114 926 1186 pignus
980 1112 1270 1171 dederuut
1323 1129 1438 1170 non
1491 1114 1671 1172 licere
1723 1114 1889 1171 litem
1944 1112 2251 1171 intendere
2295 1111 2702 1173 creditoribus
2788 1112 2889 1181 Quo

561 1202 790 1260 accedit
851 1202 1004 1274 quod
1066 1203 1402 1274 pignorum,
1465 1218 1617 1274 quae
1680 1218 1784 1259 nos
1849 1218 2123 1260 vocamus
2192 1196 2585 1274 „versallen“,
2657 1202 2721 1258 in
2780 1201 2892 1271 1686

557 1292 777 1349 mentio
839 1292 1073 1350 omnino
1131 1308 1248 1348 non
1307 1291 1401 1363 fit,
1467 1298 1646 1363 atque
1708 1292 1762 1348 si
1823 1290 1895 1349 de
1958 1291 2053 1348 his
2110 1291 2455 1364 pignoribus
2500 1296 2781 1363 ageretur
2824 1321 2891 1332 —

559 1380 713 1452 quod
767 1380 858 1438 illi
912 1386 1150 1438 censent
1197 1410 1282 1421 -—
1326 1379 1425 1437 lex
1469 1397 1506 1437 a
1551 1380 1941 1438 Demosthene
1994 1380 2105 1437 1166
2157 1381 2220 1437 111
2274 1380 2540 1437 oratione
2584 1380 2746 1437 nullo
2787 1381 2893 1438 iure

559 1469 767 1526 adlata
831 1475 1009 1541 esset,
1085 1485 1219 1527 nam
1283 1467 1482 1526 domus
1547 1486 1585 1526 a
1646 1468 1965 1542 Polyeucto
2028 1470 2265 1543 pignori
2336 1468 2606 1542 opposita
2666 1469 2893 1526 nondum

559 1557 749 1615 actori
794 1558 1208 1615 committenda
1253 1564 1360 1630 est,
1408 1574 1535 1615 cum
1583 1557 1707 1616 dies
1752 1557 2020 1617 solvendi
2064 1557 2319 1616 nondum
2364 1558 2619 1617 venerit.

737 1646 936 1705 Aliter
995 1647 1186 1719 igitur
1248 1646 1346 1703 lex
1407 1648 1858 1719 interpretanda
1922 1654 2013 1705 est
2076 1653 2253 1719 atque
2318 1647 2703 1722 audiendum,
2768 1644 2895 1719 quod

557 1735 888 1808 suspicatus
945 1741 1037 1793 est
1089 1734 1308 1794 Szanto
1353 1736 1601 1794 WViener
1646 1735 1890 1795 Studien
1936 1736 1974 1793 1.
2012 1752 2085 1795 s.:
2140 1737 2275 1807 1686
2327 1736 2653 1810 praescribi
2702 1740 2894 1804 censet,

559 1841 634 1883 ne
679 1824 908 1882 debitor
953 1826 1301 1884 confiteatur
1347 1825 1579 1897 quidem
1616 1824 1875 1884 debitum
1920 1831 2141 1897 extare,
2188 1824 2292 1882 sed
2338 1825 2411 1883 (16
2446 1825 2692 1897 pignore
2737 1824 2895 1882 credi·

558 1920 749 1971 torem
793 1916 856 1971 in
901 1913 1178 1972 iudicium
1210 1919 1419 1973 ·vocet:
1475 1914 1627 1985 quod
1682 1914 1812 1972 fieri
1865 1930 2033 1986 posse
2079 1919 2304 1986 censet,
2360 1915 2412 1971 si
2456 1913 2747 1971 creditore
2793 1914 2896 1986 ipso

559 2009 790 2059 mortuo
836 2003 1065 2060 debitor
1099 2003 1313 2076 pignus
1359 2002 1635 2060 creditori
1680 2004 1881 2061 datum
1920 2020 2045 2061 esse
2081 2004 2397 2075 contendit,
2442 2020 2555 2060 non
2594 2004 2720 2060 eius
2758 2003 2901 2061 here-

557 2092 731 2149 dibus
775 2097 898 2167 aut,
963 2092 1016 2149 si
1060 2090 1322 2150 debitore
1385 2098 1612 2149 mortuo
1667 2095 1793 2150 eius
1838 2091 2083 2151 heredes
2126 2092 2294 2151 litem
2354 2093 2703 2164 instituunt,
2770 2089 2897 2163 quod

557 2182 670 2254 ipsi
716 2181 929 2254 pignus
974 2198 1088 2239 non
1133 2179 1438 2251 dederunt,
1482 2182 1585 2239 sed
1631 2180 1878 2241 debitor.
1934 2181 2023 2239 Ne
2060 2182 2205 2239 haec
2238 2181 2463 2255 fierent,
2499 2181 2694 2253 legem
2739 2182 2899 2237 latam

559 2286 717 2341 6666,
764 2271 853 2328 ita
897 2276 966 2327 ut
1010 2270 1202 2327 Attici
1253 2271 1366 2328 1166
1410 2270 1544 2342 1686
1589 2276 1966 2344 praestarent
2020 2270 2153 2342 „die
2199 2270 2777 2329 Unanfechtbarkeit
2817 2269 2899 2325 des

558 2357 1048 2420 Pfandrechtes“.
1122 2358 1307 2428 Quam
1353 2362 1704 2417 sententiam
1748 2360 1932 2417 nimia
1978 2359 2289 2431 diligentia
2332 2360 2731 2431 excogitatam
2777 2374 2899 2429 esse,

559 2448 713 2520 qnod
766 2448 896 2505 fieri
950 2464 1065 2505 non
1109 2453 1328 2521 potest,
1386 2454 1454 2505 ut
1505 2450 1721 2521 pignus
1768 2448 1947 2506 alicui
1997 2455 2105 2524 „ut
2147 2449 2465 2522 personae“
2519 2448 2721 2519 detur,
2776 2448 2900 2505 mihi

559 2537 857 2609 persuasit
900 2536 1114 2607 Hitzig
1156 2554 1213 2609 p.
1256 2539 1402 2609 144,
1468 2538 1569 2609 qui
1629 2538 1754 2609 ipse
1818 2538 1948 2595 viro
2014 2537 2179 2595 docto
2244 2534 2460 2595 Szanto
2526 2554 2754 2609 quoque
2816 2535 2900 2593 ad-

558 2627 851 2684 sentiente
887 2619 1074 2707 (arch.
1111 2642 1198 2698 ep.
1235 2626 1313 2687 M.
1351 2642 1406 2697 p.
1451 2621 1605 2704 109)
1642 2626 1820 2683 aliam
1858 2629 2015 2684 viam
2051 2628 2351 2699 ingressus
2387 2620 2467 2708 (p.
2512 2619 2666 2707 137)
2714 2628 2900 2699 proba-

561 2714 670 2785 vit,
718 2714 870 2787 qnod
915 2716 1033 2772 iam
1076 2714 1324 2772 Platner
1369 2712 1447 2787 (p.
1490 2717 1636 2787 306,
1683 2717 1877 2788 priore
1923 2712 2070 2793 loco)
2116 2717 2383 2789 protulit:
2442 2716 2494 2773 si
2553 2716 2769 2787 pignus
2815 2714 2900 2771 da-

557 2809 686 2861 tum
735 2809 841 2877 est,
889 2803 1148 2861 debitum
1194 2809 1397 2862 extare
1442 2820 1665 2875 negare
1710 2820 1826 2861 non
1872 2804 2028 2876 licet,
2076 2805 2147 2862 (16
2194 2804 2387 2863 (1611110
2422 2805 2615 2875 igitur
2659 2806 2903 2862 actiones

555 2892 786 2951 intendi
829 2910 944 2951 non
988 2898 1255 2967 possunt:
1319 2894 1504 2967 „iiber
1559 2893 1653 2951 die
1696 2893 1977 2951 Existenz
2025 2894 2130 2950 der
2173 2893 2523 2964 Forderung
2570 2892 2712 2951 darf
2752 2892 2901 2952 nicht

558 2982 722 3039 mehr
764 2985 1120 3056 prozessiert
1163 2982 1458 3041 werden.“
1543 2982 1701 3053 Quae
1745 2983 1897 3054 legis
1930 2984 2347 3056 interpretatio
2394 2983 2521 3039 sola
2566 2983 2712 3040 mihi
2734 2987 2904 3040 recto

559 3072 684 3128 talo
746 3072 859 3129 nit-i
922 3071 1186 3145 videtur,
1249 3088 1436 3145 neque
1500 3070 1784 3129 Platnero
1848 3072 2173 3143 adsentior,
2238 3074 2340 3143 qui
2402 3072 2553 3129 hanc
2617 3088 2747 3129 cum
2811 3070 2905 3127 illa

556 3161 752 3232 priore
805 3161 928 3218 loco
984 3166 1430 3219 commemorata
1483 3166 1645 3219 arcte
1700 3161 2013 3219 cohaerere
2070 3162 2425 3232 arbitratur-3
2483 3177 2619 3217 nam
2672 3162 2725 3219 si
2783 3160 2905 3231 1686

555 3250 962 3321 constituitur,
1028 3266 1100 3307 ne
1156 3248 1226 3307 de
1283 3250 1506 3320 debito,
1570 3266 1675 3323 pro
1732 3266 1841 3321 quo
1898 3252 2109 3321 pignus
2165 3249 2364 3308 datum
2410 3254 2525 3321 est,
2590 3249 2731 3307 lites
2777 3252 2905 3313 sint,

558 3338 696 3396 inde
750 3356 862 3396 non
920 3339 1185 3410 sequitur
1240 3338 1524 3396 debitoris
1580 3355 1707 3396 esse
1762 3340 1978 3411 pignus
2024 3338 2252 3396 actione
2297 3355 2410 3397 non
2454 3339 2687 3396 intenta
2734 3337 2908 3396 credi·

557 3429 674 3483 tori
720 3429 1092 3498 committere,
1139 3429 1191 3484 si
1237 3427 1332 3486 die
1369 3429 1692 3485 constituta
1735 3444 1849 3485 non
1894 3428 2089 3491 solvit.
2162 3427 2291 3485 Hac
2336 3429 2407 3487 de
2452 3443 2518 3484 re
2562 3426 2715 3484 alias
2751 3428 2907 3499 lege-s

557 3515 742 3573 fuisse
786 3515 1110 3587 putandum
1155 3521 1261 3575 est.

737 3602 852 3663 Sed
919 3622 994 3663 ne
1065 3606 1300 3664 silentio
1372 3612 1811 3678 praetereamus
1884 3611 2233 3677 argumenta
2308 3622 2461 3676 esse,
2536 3620 2686 3677 quae
2758 3604 2909 3661 oblo-

554 3700 836 3768 quantur,
903 3699 1008 3755 aut
1062 3696 1292 3767 quidem
1347 3696 1580 3767 obloqui
1633 3695 1949 3753 videantur
2002 3696 2482 3767 interpretationi
2544 3696 2711 3751 nobis
2773 3709 2908 3767 pro-

559 3784 762 3843 batae!

734 3874 1014 3945 Legimus
1059 3872 1095 3949 §
1146 3876 1227 3933 10
1282 3875 1413 3945 1686
1467 3874 1687 3931 sanciri
1749 3889 1822 3930 ne
1886 3873 2023 3930 lites
2084 3872 2472 3930 intendantur
2532 3870 2697 3951 πρὸς
2760 3868 2909 3935 τοὺς

556 3955 842 4041 ἔχοντας,
889 3963 1040 4020 unde
1094 3956 1422 4041 pleriquel)
1478 3961 1866 4035 colligendum
1914 3978 2037 4019 esse
2084 3967 2321 4019 censent
2374 3962 2667 4033 constitui,
2721 3976 2792 4018 ne
2850 3961 2911 4014 in

735 4172 778 4235 ²)
814 4168 1042 4222 Platner
1077 4168 1138 4221 II
1173 4170 1305 4223 306:
1351 4168 1496 4237 „Das
1532 4172 1745 4240 ἔχοντες
1781 4170 1976 4223 deutet
2012 4168 2211 4222 darauf
2241 4168 2336 4221 hin
2350 4189 2375 4237 ,·
2408 4168 2513 4222 dass
2553 4169 2673 4223 dem
2710 4165 2913 4220 Psand:

557 4238 852 4306 glaubiger
906 4239 1022 4293 sein
1058 4239 1238 4293 Recht
1291 4239 1449 4293 nicht
1501 4241 1802 4294 bestritten
1837 4240 2058 4293 werden
2104 4241 2279 4305 kann,
2334 4256 2494 4294 wenu
2549 4256 2609 4295 er
2665 4239 2751 4293 die
2788 4251 2913 4291 ver-
