3009 4859
1022 366 1463 422 ...15—

92 544 241 597 nant:
289 545 396 597 aut
443 536 828 607 διαλλακτάς
875 540 1100 612 eligere
1144 545 1387 613 possunt
1443 546 1548 598 aut
1602 539 1951 623 διαιτητάς.
2042 541 2136 598 Ab
2188 536 2422 599 illorum

97 630 322 685 arbitrio
370 634 569 701 partes
616 630 693 687 ad
736 630 960 687 iudices
1006 630 1171 687 adire
1209 634 1466 703 possunt,
1528 646 1654 687 cum
1710 630 1915 687 horum
1970 630 2281 687 arbitrium
2334 632 2424 687 ita

89 719 157 773 sit
196 718 572 791 immutabile,
615 724 686 775 ut
723 720 994 790 partibus
1032 719 1107 776 ad
1144 719 1366 776 iudices
1402 735 1722 791 provocare
1758 735 1870 776 non
1906 719 2110 790 liceat;
2159 718 2233 781 cf.
2274 710 2421 790 quae

87 808 401 878 nuperrime
449 809 714 878 exposuit
751 808 1005 880 LipsinS‚
1053 808 1178 865 Das
1213 808 1467 866 attische
1503 807 1696 865 Recht
1730 807 1850 865 und
1885 806 2422 866 Rechtsverfahren

85 895 112 952 l
149 898 309 955 1905
348 914 406 969 p.
448 889 664 977 222.²)
712 970 714 973 y
758 896 1025 970 Utraque
1073 904 1266 955 autem
1311 913 1449 971 pars
1496 898 1753 955 arbitros
1808 898 2061 953 arbitrio*
2111 913 2226 954 non
2284 895 2423 954 dato

83 984 363 1043 dimittere
407 989 624 1057 potest;
675 986 912 1058 Lipsius
958 986 996 1047 l.
1043 1002 1089 1045 6.
1132 986 1298 1047 225.
1378 986 1539 1057 Quae
1600 1002 1727 1043 cum
1779 986 1871 1043 ita
1924 987 2061 1057 sint,
2118 1001 2232 1043 non
2284 985 2425 1043 licet

78 1078 276 1145 putare
320 1072 599 1147 Spudiam
647 1080 707 1133 et
754 1080 1010 1133 actorem
1056 1076 1130 1133 ab
1178 1076 1422 1133 arbitris
1477 1076 1691 1132 iuratis
1748 1074 2059 1132 arbitrium
2114 1076 2422 1148 accepisse,

81 1179 204 1219 nam
254 1163 408 1235 apud
453 1163 675 1221 indices
720 1180 816 1221 res
854 1168 1069 1237 agunt;
1116 1170 1426 1237 praeterea
1473 1168 1636 1221 actor
1671 1180 1782 1220 non
1821 1164 2085 1235 haberet,
2132 1180 2237 1221 cur
2282 1161 2423 1236 Spu-

78 1251 222 1309 diam
270 1252 638 1323 obiurgaret3
690 1252 762 1311 de
809 1254 1052 1310 arbitris
1097 1255 1312 1311 iuratis
1349 1258 1545 1311 autem
1584 1254 1704 1327 agi,
1750 1268 1865 1310 non
1903 1253 1974 1310 de
2011 1248 2425 1323 διαλλακταῖς

76 1341 233 1399 docet
280 1358 394 1399 vox
440 1340 807 1418 ὀμόσαντας
855 1337 891 1419 ξ
937 1344 1038 1401 15.
1129 1342 1338 1414 Itaque
1383 1340 1637 1415 Spudias
1682 1347 1789 1399 aut
1832 1342 1965 1399 illos
2010 1357 2077 1397 re
2120 1358 2235 1400 non
2273 1342 2423 1399 diiu-

73 1428 265 1487 dicata
311 1430 532 1487 dimisit
579 1435 679 1487 aut
724 1431 859 1488 inde
898 1432 971 1488 ab
1009 1432 1180 1489 initio
1228 1448 1325 1489 eos
1384 1432 1805 1504 disceptatores
1849 1430 2165 1503 recusavit,
2227 1446 2424 1503 quam-

76 1535 245 1589 quam
290 1520 406 1591 ipsi
454 1535 690 1593 operam
737 1519 1022 1578 dederunt
1069 1526 1137 1578 nt
1181 1526 1381 1593 partes
1427 1520 1883 1578 reconciliarent
1919 1524 1979 1577 et
2016 1519 2203 1578 multa
2240 1520 2426 1578 verba

72 1607 138 1665 de
182 1608 276 1665 his
325 1609 499 1665 rebus
544 1607 705 1666 facta
753 1614 909 1667 sunt.
977 1609 1106 1681 Ego
1160 1610 1292 1668 hoc
1346 1610 1718 1682 probaverim
1774 1614 1836 1666 et
1891 1610 2076 1667 verba
2122 1607 2157 1684 ξ
2199 1610 2278 1668 15
2336 1610 2425 1666 ita

69 1697 500 1770 explicaverim,
548 1703 614 1755 ut
660 1696 1028 1775 ὀμόσαντας
1073 1714 1298 1770 quoque
1342 1699 1561 1756 habeat
1606 1713 1835 1755 sensnm
1892 1698 2193 1755 irrealem:
2250 1697 2424 1755 amici

69 1787 117 1841 si
160 1788 525 1845 iuravissent
572 1791 632 1843 et
677 1787 990 1844 arbitrium
1038 1786 1353 1844 dedissent.
1445 1786 1668 1856 Quibus
1714 1786 1913 1843 verbis
1966 1802 2084 1843 non
2128 1786 2427 1843 indicatur

66 1875 281 1933 amicos
337 1870 740 1933 iusiurandum
798 1876 1043 1947 dedisse,
1059 1872 1108 1951 2)
1174 1877 1264 1934 ita
1326 1880 1394 1933 ut
1457 1881 1651 1933 essent
1712 1875 1937 1947 proprii
2000 1875 2231 1949 arbitri,
2295 1873 2423 1931 sed:

65 1965 259 2038 amici,
306 1966 357 2021 si
401 1963 654 2038 Spudias
701 1966 890 2023 actori
935 1966 1241 2023 obsecutus
1289 1969 1462 2037 esset,
1510 1963 1848 2044 διαιτηταί
1893 1962 2066 2020 electi
2110 1964 2425 2020 arbitrium

63 2052 386 2113 dedissent.
477 2051 713 2110 Revera
758 2069 944 2124 neque
990 2054 1343 2112 iuraverunt-
1387 2070 1572 2125 neque
1617 2051 2048 2117 iudicaverunt.

247 2140 468 2211 Quibus
516 2142 795 2211 expositis
842 2141 1079 2198 missum
1126 2141 1322 2198 facere
1376 2141 1520 2198 licet
1577 2140 1729 2211 quod
1786 2138 2032 2197 Schulze
2078 2139 2316 2210 Proleg.
2362 2140 2425 2196 in

55 2226 283 2304 [Dem.]
331 2228 467 2312 adv.
515 2229 762 2300 Apatur.
817 2232 985 2288 1878
1025 2246 1080 2301 p.
1123 2232 1202 2288 25
1253 2229 1389 2286 adn.
1429 2232 1470 2287 4
1520 2228 1830 2287 adnotavit-
1877 2226 1953 2285 ad
1998 2230 2185 2286 verba
2232 2222 2425 2306 ἐμμέ-

52 2336 233 2390 νειν,
284 2315 379 2383 οἱς
425 2312 664 2377 ἐκεῖνοι
712 2322 951 2393 γνοῖενι
1007 2334 1118 2390 „ex
1163 2320 1472 2391 postremis
1522 2318 1719 2375 verbis
1766 2322 2016 2391 apparet
2062 2334 2177 2375 non
2214 2318 2317 2389 agi
2354 2316 2425 2374 de

50 2405 344 2463 diaetetis
388 2407 668 2477 privatis:
714 2422 850 2463 nam
895 2422 1092 2465 eorum
1137 2409 1434 2464 sententia
1477 2413 1618 2464 rata
1664 2410 1725 2463 et
1768 2406 2149 2464 immutabilis
2198 2406 2344 2464 est.“

239 2582 338 2640 Ab
395 2584 600 2641 amicis
654 2584 842 2655 igitur
887 2584 1274 2643 dissensiones
1319 2584 1581 2658 componi
1629 2582 1879 2657 Spudias
1926 2584 2141 2655 noluit,
2196 2583 2300 2641 sed
2353 2601 2427 2642 ne
2455 2577 2551 2682 Dssu
2548 2576 2718 2673 fflggw

45 2673 133 2729 ita
185 2671 430 2744 quidem
477 2673 680 2729 statim
728 2672 804 2731 ad
847 2673 1068 2732 iudices
1115 2674 1278 2731 adire
1323 2679 1587 2746 poterat,
1634 2690 1771 2731 nam
1819 2690 2013 2731 omnes
2059 2689 2265 2732 causas
2310 2674 2426 2746 pri-

47 2767 230 2819 vatas
285 2792 372 2801 —
419 2759 625 2829 δίκαις
671 2755 986 2847 ἐμμήνοις
1033 2764 1286 2836 exceptis
1325 2794 1409 2804 —-
1457 2763 1613 2835 apud
1660 2763 1949 2820 arbitrum
1996 2763 2289 2835 publicum
2325 2762 2425 2834 agi

239 2931 283 3001 1)
327 2932 637 2985 διαλλακταί
674 2933 921 2985 omnibus
957 2931 1414 2987 sollemnitatibus
1452 2932 1663 2985 omissis
1702 2946 1735 2984 a
1769 2930 2021 2999 partibus
2048 2936 2321 2999 creantur,
2360 2939 2426 2984 ut

43 3004 178 3072 quid
221 3003 482 3057 sentiant
516 3004 898 3070 pronuntient,
947 3019 1068 3056 cum
1107 3005 1370 3071 διαιτηταί
1407 3002 1784 3056 11161111611ᾱ11111
1826 3002 1974 3058 dent.
2047 3003 2251 3056 Contra
2284 3004 2425 3056 hanc

41 3074 397 3131 sententiam
437 3074 721 3129 Thalheim
759 3075 994 3129 Hermae
1031 3074 1137 3127 vol.
1157 3074 1287 3127 XLI
1325 3074 1465 3127 1906
1502 3089 1556 3140 p.
1578 3074 1708 3127 156:
1753 3073 1895 3142 „Der
1931 3090 2038 3128 von
2074 3072 2294 3141 Lipsius
2330 3089 2423 3140 ge-

40 3148 271 3203 machte
325 3146 684 3201 Unterschied
727 3145 804 3200 ist
839 3161 987 3199 zwar
1032 3144 1362 3200 tatsiichlich
1408 3145 1750 3210 vorhanden,
1798 3146 1928 3198 aber
1973 3144 2425 3198 wahrscheinlich

36 3219 231 3275 weder
275 3217 583 3286 gesetzlich
619 3218 944 3286 begriindet,
983 3218 1120 3271 noch
1157 3233 1262 3271 von
1297 3216 1639 3270 rechtlichen
1674 3214 1885 3283 Folgen
1919 3216 2209 3285 begleitet.
2217 3216 2242 3243 “

228 3291 272 3351 2)
322 3289 529 3343 codices
576 3290 710 3342 duas
757 3289 1020 3357 praebent
1064 3287 1350 3343 lectiones:
1409 3288 1856 3358 ὁμολογήσαντας
1880 3286 1931 3339 Σ
1985 3291 2043 3341 et
2088 3307 2178 3359 γρ.
2227 3288 2421 3356 Μ616.;

36 3366 362 3427 ὀμόσαντας
411 3360 594 3417 ceteri.
685 3360 939 3427 Plerique
992 3361 1228 3427 probant
1282 3362 1610 3430 ὅμόσανταςε
1665 3358 1879 3412 Baiter·
1858 3358 2119 3427 -Sauppe,
2175 3358 2423 3427 Dindorf,

31 3414 174 3485 B'lass
215 3432 288 3484 in
328 3430 468 3499 edd„
506 3430 798 3499 Lipsiusl.
837 3446 878 3487 s„
917 3432 1024 3485 223
1063 3432 1188 3485 6(111.
1227 3431 1296 3485 10
1353 3460 1420 3469 —-
1477 3431 1911 3502 ὁμολογήσαντας
1966 3440 2151 3485 autem
2206 3431 2423 3485 Hubert

32 3504 157 3558 1.6.
204 3505 286 3557 16
341 3502 716 3569 6(111.3,,6111
753 3502 958 3557 60(1.Σ
993 3504 1209 3573 ὁμολογ.
1247 3503 1305 3555 111
1343 3506 1804 3572 ὀμοσ.1111116111116
1860 3500 1997 3554 satis
2054 3502 2202 3555 iusta
2256 3516 2423 3554 causa

27 3590 138 3629 non
185 3589 322 3629 esse
360 3573 597 3627 videtur.
605 3576 631 3601 “
690 3574 795 3627 Sed
833 3589 990 3641 quem
1029 3588 1244 3627 sensum
1282 3573 1444 3627 verbo
1483 3574 1773 3655 ὁμολογεῖν
1806 3572 2094 3638 attribuat,
2132 3587 2239 3625 non
2271 3573 2421 3628 dicit.

19 3643 377 3717 Ὀμόσαντας
412 3644 530 3698 61116
567 3646 728 3699 dubio
766 3661 924 3699 sunm
960 3645 1128 3698 habet
1163 3644 1364 3709 locum,
1420 3659 1547 3697 nam
1601 3642 1691 3696 hic
1746 3648 1832 3696 est
1885 3658 2064 3696 rerum
2104 3648 2419 3697 contextus:

25 3718 283 3785 Spudias
329 3715 624 3769 amicorum
663 3716 948 3770 arbitrium
968 3716 1224 3782 recipere
1259 3713 1452 3778 noluit,
1490 3730 1619 3769 cum
1651 3714 1808 3780 quale
1837 3712 2084 3766 futurum
2116 3718 2275 3781 esset,
2314 3730 2422 3768 non

17 3790 363 3858 ignora-ret.
437 3787 542 3841 Sed
589 3804 709 3839 cum
758 3803 817 3841 re
860 3803 994 3841 vera
1039 3785 1199 3841 amici
1245 3784 1576 3839 sententiam
1613 3800 1723 3837 non
1758 3783 2025 3850 dixerint,
2076 3790 2229 3839 actor
2274 3785 2423 3839 hisce

19 3862 221 3915 verbis
277 3857 562 3912 iudicibus
608 3859 935 3925 persuadere
983 3860 1172 3912 studet
1210 3872 1300 3911 eos
1337 3855 1454 3909 sine
1493 3856 1656 3910 dubio
1695 3860 1885 3909 contra
1924 3855 2179 3923 Spudiam
2217 3855 2422 3909 iudica-

17 3938 186 3987 turos
241 3929 455 3984 fuisse:
513 3945 655 3983 nunc
711 3932 855 3997 apud
900 3930 1108 3985 iudices
1154 3928 1504 3983 iureiurando
1562 3927 1813 3981 obstricti
1874 3942 1971 3994 pro
2027 3932 2211 3981 actore
2266 3928 2421 3981 testi-

11 4004 292 4059 monium
341 4000 554 4070 dicunt3
605 4000 697 4067 qui
734 4000 853 4055 fieri
888 4000 1158 4069 potuisset
1195 4006 1259 4053 ut
1296 4006 1452 4067 tunc,
1499 3999 1547 4052 si
1584 3998 1779 4052 arbitri
1827 3997 1965 4052 facti
2004 4004 2211 4068 essent,
2261 3999 2422 4052 aliter

12 4078 84 4130 de
129 4074 372 4130 eisdem
409 4072 570 4126 rebus
608 4072 880 4127 decreturi
914 4071 1148 4137 fuerint,
1194 4042 1517 4138 111-6666111111
1562 4070 1611 4124 61
1646 4075 1781 4124 tunc
1822 4086 2031 4137 quoque
2070 4070 2231 4138 (quod
2269 4073 2422 4123 actor

7 4145 288 4214 volebat)
333 4143 716 4197 iusiurandum
751 4144 1067 4198 dedissent?
1139 4143 1282 4210 Quin
1327 4142 1570 4195 consulto
1620 4148 1772 4195 actor
1807 4147 1865 4195 et
1903 4142 1961 4194 in
1998 4143 2097 4195 hoc
2136 4146 2193 4194 et
2229 4140 2287 4193 in
2323 4139 2419 4194 illo

7 4220 286 4275 membro
358 4214 632 4269 enuntiati
687 4215 1016 4269 mentionem
1070 4213 1242 4267 faciat
1288 4212 1663 4278 iurisiurandi,
1723 4212 1942 4265 dubium
1999 4227 2107 4265 non
2164 4216 2273 4282 est3
2331 4209 2419 4265 cui

3 4288 463 4347 sententiarum
503 4286 731 4340 conexui
768 4302 874 4341 non
912 4284 1277 4350 satisfaciunt,
1318 4284 1409 4349 qui
1445 4283 1716 4351 recipiunt
1754 4282 2211 4354 ὁμολογήσαντας.
