3009 4859
1001 325 1448 383 ...37-

24 504 26 557 ζ
91 501 292 573 viduae,
343 518 480 560 nam
525 500 746 559 fratres
800 502 1010 559 marito
1057 503 1274 559 sororis
1319 508 1550 560 mortuo
1598 504 1721 559 eius
1767 503 1984 583 κύριοι
2029 518 2156 561 esse
2204 504 2421 579 solent,

24 586 27 667 ζ
91 591 128 647 si
162 606 330 661 neque
375 596 548 663 pater
592 607 778 661 neque
815 590 922 648 filii
960 590 1150 649 adulti
1186 595 1410 649 extant.
1483 590 1687 663 Neque
1726 591 1939 649 desunt
1974 592 2096 650 alia
2130 594 2419 665 vestigia,

92 680 260 749 quibus
302 680 418 737 nisi
463 680 820 752 suspicemur
863 673 1087 737 fratres
1129 712 1216 720 —
1261 681 1576 754 praecipue
1619 679 2035 752 Aristogenem
2074 713 2157 723 —
2196 682 2423 740 sororis

91 769 314 849 κυρίους
377 784 530 827 esse:
594 768 980 840 Aristogenes
1045 768 1264 840 adfuit,
1331 786 1460 827 cum
1506 770 1862 843 Polyeuctus
1907 770 2225 828 moriturus
2269 770 2420 843 Spu-

91 856 210 915 diam
249 858 362 916 sibi
409 856 555 915 duas
601 858 788 916 minas
825 857 1037 916 debere
1073 858 1449 932 profiteretur
1485 853 1547 937 (ἓ
1586 854 1669 939 8),
1715 858 2100 932 Aristogenes
2136 858 2415 933 Spudiam

91 946 142 1003 de
186 951 533 1005 testamento
579 964 616 1005 a
660 946 979 1021 Polyeucto
1024 947 1183 1005 facto
1231 947 1540 1006 certiorem
1586 948 1735 1006 facit
1778 941 1879 1029 (ἐξ
1921 952 2021 1021 18,
2063 946 2199 1026 19),
2256 948 2421 1021 apud.

90 1036 466 1109 Aristogenem
531 1027 612 1095 τὰ
678 1037 1030 1117 γράμματα
1092 1035 1406 1108 obsignata
1468 1036 1839 1109 deponuntur
1902 1031 1963 1115 (ἓ
2012 1031 2139 1120 22).
2249 1039 2412 1109 Quae

91 1126 246 1182 omnia
309 1142 424 1183 non
471 1142 610 1183 casu
673 1126 836 1183 facta
889 1141 1017 1185 esse
1075 1126 1378 1201 videntur,
1441 1126 1547 1185 sed
1610 1127 1761 1197 quod
1808 1126 2191 1198 Aristogenes
2235 1121 2422 1209 (veri-

91 1214 324 1272 similiter
370 1231 493 1272 una
539 1230 668 1272 cum
711 1215 999 1273 Leocrate
1045 1221 1152 1273 aut
1198 1216 1330 1273 aliis
1375 1208 1693 1296 fratribus)
1754 1216 1973 1273 sororis
2019 1217 2239 1295 κύριος
2284 1220 2426 1275 erat

89 1301 150 1359 Ut
184 1305 400 1382 κύριοι
444 1304 636 1375 igitur
673 1305 850 1361 etiam
887 1303 1222 1376 adfuerunt,
1271 1321 1397 1362 cum
1445 1304 1555 1361 illa
1585 1305 1889 1376 pecuniam
1926 1311 2187 1363 mutuam
2226 1306 2413 1364 daret.

230 1393 354 1463 Quo
409 1393 472 1449 in
528 1393 652 1450 loco
697 1393 1140 1465 interpretando
1184 1410 1303 1467 non·
1353 1394 1480 1451 sine
1531 1410 1709 1452 causa
1754 1394 1965 1451 morati
2009 1410 2223 1466 sumus,
2278 1410 2416 1452 nam

24 1492 26 1563 ὲ
90 1496 144 1537 ex
180 1482 280 1540 hoc
326 1481 448 1540 solo
497 1482 694 1553 aliqua
730 1482 960 1554 quidem
999 1499 1072 1540 ex
1106 1489 1277 1556 parte
1314 1483 1581 1553 cognosci
1616 1488 1827 1556 potest,
1874 1500 2021 1555 quae
2064 1482 2250 1541 fuerit
2286 1499 2423 1543 con-

24 1572 27 1647 j
90 1569 203 1627 ditio
245 1571 476 1652 κυρίου
530 1571 838 1629 mulierum
884 1572 1246 1643 Atticarum,
1303 1572 1494 1644 quoad
1550 1577 1879 1644 spectamus
1933 1572 2281 1631 feminarum
2326 1572 2427 1630 ius

23 1704 26 1733 ς
89 1660 472 1731 contrahendi,
527 1677 662 1718 nam
717 1662 818 1733 qui
873 1666 1186 1732 praeterea
1241 1661 1593 1719 adferuntur
1635 1661 1750 1718 loci
1784 1662 2003 1733 partim
2050 1662 2198 1742 quod
2244 1679 2277 1720 e
2323 1678 2420 1719 co-

24 1736 27 1831 :
90 1749 297 1807 moediis
343 1750 562 1822 sumpti
607 1759 761 1819 sunt,
806 1751 1024 1822 partim
1071 1750 1208 1808 aliis
1254 1750 1325 1808 de
1369 1750 1562 1807 causis
1606 1750 1799 1807 idonei
1844 1766 1958 1807 non
2003 1754 2143 1808 sunt
2186 1750 2263 1807 ad
2306 1749 2431 1807 has·

91 1840 431 1907 quaestiones
495 1838 919 1900 diiudicandae.
1030 1838 1104 1899 cf.
1160 1856 1281 1899 van
1335 1838 1448 1895 den
1501 1839 1584 1897 Es
1646 1856 1700 1912 p.
1754 1842 1880 1899 158
1902 1856 2050 1912 sqq.;
2116 1839 2427 1897 Beauchet

91 1924 139 1983 ΙΙ
173 1930 311 1987 354.
405 1927 492 1985 Eo
539 1929 729 1998 magis
775 1934 968 1986 autem
1016 1928 1325 1986 dolendum
1371 1936 1486 2003 est,
1554 1928 1705 2000 quod
1770 1945 1845 1986 ne
1898 1929 1994 1987 hic
2047 1928 2279 2001 quidem
2320 1944 2427 1986 res

24 2012 27 2069 ἰ
89 2014 158 2072 ita
197 2016 454 2073 traditae
499 2020 654 2087 sunt,
699 2024 768 2074 ut
813 2034 1010 2075 omnes
1058 2017 1454 2075 dubitationes
1498 2018 1803 2077 tollantur.

242 2104 302 2163 Si
366 2111 527 2163 recte
593 2107 958 2178 exposuimus
1017 2107 1087 2163 de
1132 2108 1332 2165 verbis
1376 2107 1680 2177 tractatis,
1746 2107 1841 2164 lex
1904 2108 1978 2163 ab
2036 2106 2207 2164 Isaeo
2270 2122 2426 2164 com-

24 2190 27 2219 ²
89 2199 385 2253 memorata
430 2194 837 2252 Demosthenis
893 2200 1092 2253 aetate
1136 2196 1226 2252 ita
1268 2196 1525 2254 valuisse
1572 2195 1834 2267 videtur,
1891 2200 1961 2252 ut
2002 2195 2275 2252 mulieres
2319 2211 2419 2252 ne-

86 2285 248 2357 gotia,
288 2300 438 2356 quae
481 2284 655 2342 unius
701 2284 976 2342 medimni
1019 2284 1223 2341 hordei
1267 2284 1523 2358 pretium
1568 2284 1934 2356 excederent,
1972 2274 2142 2362 μετά
2188 2284 2426 2364 κυρίου

87 2373 493 2435 contraherent.
583 2372 738 2430 Num
798 2380 974 2432 antea
1017 2374 1269 2431 feminae
1315 2373 1519 2432 eadem
1564 2374 1803 2444 negotia
1848 2370 1955 2434 διὰ
2009 2374 2255 2450 κυρίου,
2310 2390 2425 2431 non

89 2453 236 2534 μετὰ
287 2463 518 2544 κυρίου
566 2464 995 2533 transegerint,
1052 2463 1362 2536 nescimus,
1417 2463 1522 2521 sed
1568 2463 1888 2521 verisimile
1934 2463 2233 2535 videatur,
2289 2478 2430 2519 nam

90 2548 174 2607 illa
232 2552 364 2622 lege
427 2551 702 2609 mulieres
747 2568 875 2609 cum
936 2552 1140 2610 liberis
1202 2552 1376 2625 plane
1440 2556 1770 2624 aequantur
1813 2584 1897 2593 —
1946 2552 2123 2610 velim
2169 2552 2427 2623 omittas,

92 2640 219 2708 quod
277 2641 484 2699 liberis
529 2641 758 2698 omnino
821 2657 954 2711 non,
1016 2640 1359 2700 mulieribus
1404 2640 1577 2721 πέρα
1622 2640 1947 2719 μεδίμνου
1994 2640 2249 2719 κριθῶν
2296 2656 2431 2699 con-

90 2730 304 2788 trahere
357 2746 473 2787 non
537 2730 682 2787 licet
725 2762 830 2800 ——,
894 2730 1069 2788 liberi
1133 2736 1327 2789 autem
1395 2738 1555 2789 certe
1620 2727 1727 2791 διὰ
1772 2732 2002 2812 κυρίου
2056 2731 2428 2789 contrahunt.

92 2816 288 2886 Quibus
335 2819 407 2877 de
451 2820 626 2877 rebus
671 2818 948 2877 iudicium
992 2818 1260 2893 proferre
1305 2836 1372 2877 eo
1420 2820 1719 2877 difficilius
1765 2827 1870 2891 est,
1916 2819 2067 2891 quod
2113 2835 2285 2877 voces
2322 2814 2434 2878 διὰ

91 2909 295 2987 κυρίου
365 2914 428 2967 et
491 2904 662 2986 μετὰ
726 2909 984 2990 κυρίου,
1048 2914 1117 2965 ut
1183 2908 1458 2980 diximus,
1527 2908 1683 2980 apud
1726 2908 2119 2965 Athenienses
2181 2923 2293 2964 non
2340 2908 2427 2963 in·

92 2998 408 3057 veniuntur.
501 2996 782 3056 Attamen
826 3014 924 3056 res
968 2998 1127 3071 ipsas
1172 2999 1408 3055 novisse
1454 2998 1758 3055 videntur:
1806 2996 2017 3055 mulier
2052 2992 2161 3056 διὰ
2198 2997 2432 3075 κυρίου

92 3084 139 3141 in
179 3086 608 3145 matrimonium
656 3086 849 3160 datur,
915 3086 987 3147 cf.
1033 3086 1240 3167 Hruza
1284 3103 1339 3159 p.
1381 3088 1491 3157 523
1558 3086 1859 3145 Beauchet
1896 3086 1923 3142 I
1966 3088 2121 3157 133,
2167 3084 2232 3142 II
2272 3088 2431 3156 371,

91 3175 334 3234 mulieris
399 3192 612 3234 causae
676 3175 832 3247 apud
867 3176 1088 3233 iudices
1152 3172 1262 3235 διὰ
1316 3176 1545 3256 κυρίου
1595 3180 1868 3247 aguntur,
1916 3175 1991 3235 cf.
2029 3175 2235 3232 Hruza
2280 3173 2317 3231 1.
2357 3190 2428 3243 ε.;

89 3260 374 3323 Beauchet
409 3266 476 3323 II
515 3267 638 3323 371
663 3280 804 3337 sqq„
853 3264 1120 3335 Wenger
1169 3267 1294 3324 126
1346 3265 1475 3325 adn.
1519 3267 1554 3322 2
1606 3272 1666 3323 et
1705 3268 1763 3337 8,
1810 3264 1911 3336 qui
1956 3279 2153 3321 omnes
2194 3267 2438 3321 monent

90 3354 406 3411 testimonia
449 3370 564 3411 non
611 3353 838 3426 deesse,
901 3354 1108 3425 quibus
1154 3355 1413 3425 scrupuli
1457 3360 1804 3413 moveantur
1814 3370 1830 3431 3
1896 3354 2130 3425 mulier,
2178 3353 2228 3411 si
2272 3357 2439 3411 recte

88 3441 489 3514 iudicavimus,
529 3439 702 3520 μετὰ
749 3444 978 3523 κυρίου
1024 3444 1266 3514 negotia
1313 3444 1629 3501 contrahit.

251 3532 336 3591 Ut
379 3548 661 3590 summam
708 3532 1014 3590 faciamus:
1063 3533 1248 3603 primo
1295 3532 1527 3604 quidem
1576 3532 1842 3590 omnibus
1887 3532 1950 3590 in
1995 3532 2169 3589 rebus
2217 3532 2441 3609 κύριος

86 3634 184 3689 pro
228 3622 475 3680 muliere
521 3622 712 3693 egisse
759 3620 1012 3693 videtur,
1059 3622 1346 3694 paulatim
1395 3623 1519 3679 eius
1564 3626 1824 3694 potestas
1861 3621 1950 3677 ita
1986 3620 2437 3691 diminuebatur,
2535 3651 2542 3657 -

89 3712 148 3765 ut
191 3710 446 3768 feminae
495 3710 686 3767 omnia
731 3707 902 3788 μετὰ
948 3712 1182 3791 κυρίου
1229 3711 1504 3783 expedire
1551 3715 1789 3783 possent
1818 3706 2013 3786 (quod
2056 3709 2299 3780 papyris
2345 3708 2445 3766 de·

86 3792 480 3881 monstratur).
571 3799 828 3869 Quarum
881 3816 1078 3858 rerum
1132 3799 1363 3857 initium
1411 3800 1474 3857 in
1522 3799 1727 3857 Attica
1774 3797 2003 3871 quidem
2047 3797 2269 3855 factum
2314 3814 2441 3855 esse

87 3888 319 3947 videtur
363 3906 401 3947 a
445 3889 752 3947 mulierum
797 3890 927 3947 iure
972 3888 1369 3949 contrahendi.

262 4066 463 4139 Neque
525 4066 709 4124 solum
770 4068 1074 4139 pecuniam
1139 4066 1424 4139 debitam,
1489 4066 1594 4124 sed
1658 4066 1837 4123 etiam
1894 4065 2012 4122 alia
2070 4063 2350 4136 quaedam
2408 4080 2449 4119 a

83 4152 390 4229 Polyeucti
433 4172 612 4213 uxore
659 4161 899 4229 accepta
942 4155 1194 4228 Spudias
1241 4156 1301 4214 in
1346 4155 1735 4214 hereditatem
1779 4154 2003 4212 inferre
2047 4158 2283 4211 recusat

265 4239 318 4327 c)
363 4245 639 4317 phialam,
686 4244 950 4331 σκηνήν,
997 4245 1146 4302 alias
1190 4261 1304 4304 reS.
