3009 4859
1072 277 1517 335 —33-.

134 452 360 528 accedit,
407 454 574 526 quod,
631 454 683 510 si
727 453 1085 511 Thalheimii
1137 453 1490 511 sententiam
1544 455 1938 529 probaremus,
1990 455 2155 513 litem
2210 458 2472 513 exortam

135 560 248 601 esse
298 543 622 615 putandum
675 547 846 612 esset,
903 558 1028 599 cum
1075 542 1381 615 Polyeucti
1428 558 1575 599 uxor
1636 548 1865 600 mortua
1929 548 2099 616 esset,
2164 560 2279 601 non
2341 551 2475 617 post

135 631 426 705 Polyeucti
488 631 670 703 ipsius
731 639 990 690 mortem.
1082 631 1246 701 Quod
1301 631 1581 688 credibile
1647 648 1760 689 non
1824 636 1931 705 est,
1998 649 2127 690 cum
2190 634 2469 705 scriptum

136 722 383 791 legamus
412 722 472 778 in
501 719 538 796 ξ
562 724 626 778 1:
665 718 942 788 ἄπαιδος
978 713 1293 780 δ’ἕκείνου
1331 716 1840 803 τελευτήσαντος
1878 716 2163 800 ἀρρένων
2199 720 2471 793 παίδων,

139 804 567 887 ἀναγκάζομαι
612 808 776 887 πρὸς
820 817 1058 869 τοῦτον
1095 807 1252 887 περὶ
1291 810 1421 869 τῶν
1457 804 2039 889 καταλειφθέντων
2076 806 2472 883 δικάζεσθαι,

137 900 327 969 quibus
372 900 572 957 verbis
615 898 914 957 indicatur
950 899 1377 956 controversias
1423 914 1772 969 generorum
1810 901 2067 971 coepisse
2102 901 2306 959 statim
2342 905 2475 973 post

134 989 302 1045 soceri
347 993 610 1059 mortem,
656 1003 767 1058 quo
811 992 1071 1060 tempore
1107 988 1232 1045 eius
1275 1003 1422 1045 uxor
1466 989 1727 1048 vivebat.
1802 988 2085 1060 Denique,
2131 989 2183 1045 si
2228 988 2475 1047 facimus

134 1076 356 1135 viduam
409 1078 686 1134 bonorum
749 1075 1316 1134 administrationem
1361 1076 1653 1150 habuisse,
1717 1076 1897 1137 donec
1956 1077 2256 1136 hereditas
2314 1078 2473 1135 inter

136 1182 364 1235 generos
409 1166 606 1225 divisa
651 1170 824 1236 esset,
870 1181 966 1224 res
1011 1164 1265 1223 fortasse
1310 1181 1422 1223 non
1470 1171 1599 1223 tam
1644 1166 1839 1223 aliena
1886 1171 1975 1224 est
2019 1168 2093 1224 ab
2140 1183 2250 1225 usu
2296 1168 2474 1225 Athe·

136 1255 427 1326 niensium,
473 1269 820 1327 quamquam
857 1254 979 1312 alia
1024 1255 1288 1326 exempla
1331 1253 1476 1313 mihi
1520 1260 1756 1328 praesto
1803 1272 1917 1314 non
1963 1261 2117 1317 sunt.

297 1343 732 1403 concedendum
778 1348 974 1401 autem
1021 1349 1114 1401 est
1157 1344 1266 1401 has
1309 1360 1406 1401 res
1451 1360 1518 1401 eo
1574 1344 1871 1402 difficilius
1925 1361 2052 1403 esse
2106 1360 2472 1417 cognoscere,

136 1433 271 1504 quod
323 1432 543 1490 femina
595 1438 825 1490 mortua
880 1441 988 1503 est,
1051 1433 1387 1506 priusquam
1447 1436 1603 1491 bona
1664 1434 1979 1505 dispertita
2038 1440 2193 1509 sunt,
2253 1433 2345 1495 ita
2406 1440 2475 1491 ut

136 1522 469 1594 intellegere
531 1536 912 1593 nequeamus,
977 1538 1126 1595 quae
1188 1521 1443 1579 conditio
1506 1521 1769 1580 mulieris
1833 1523 2035 1581 futura
2096 1523 2282 1581 fuerit
2342 1528 2475 1597 post

135 1611 396 1668 bonorum
443 1610 807 1671 divisionem.

295 1699 649 1772 Polyeuctus
709 1699 913 1771 igitur,
977 1699 1028 1757 si
1091 1716 1311 1757 mecum
1373 1700 1542 1773 faciS,
1604 1704 1955 1758 testamento
2020 1702 2343 1773 constituit,
2406 1705 2477 1757 ut

136 1804 264 1846 uxor
306 1805 343 1847 a
399 1789 646 1868 κυρίοις
690 1788 895 1846 adiuta
957 1789 1347 1847 hereditatem
1409 1788 1871 1862 administraret,
1927 1806 1999 1848 ne
2056 1789 2305 1863 Spudias
2367 1797 2475 1847 aut

136 1884 298 1950 actor,
341 1885 410 1936 ut
453 1878 584 1935 fieri
627 1882 879 1951 poterat,
925 1878 987 1935 in
1031 1877 1396 1949 singularum
1440 1895 1638 1938 rerum
1681 1880 2099 1952 possessionem
2134 1878 2474 1950 ingredere-

137 1972 238 2038 tur,
301 1975 616 2039 antequam
675 1967 976 2024 hereditas
1040 1966 1278 2025 addicta
1339 1974 1446 2025 aut
1512 1968 1709 2026 divisa
1770 1972 1947 2039 esset3
2012 1984 2211 2026 socrus
2274 1973 2472 2026 autem

136 2055 279 2113 haud
318 2058 406 2113 ita
448 2055 768 2128 prudenter
812 2056 952 2127 egit,
999 2072 1125 2114 cum
1172 2056 1408 2128 generis
1454 2056 1525 2113 de
1570 2057 1901 2115 hereditate
1946 2073 2060 2114 non
2115 2057 2311 2116 divisa
2363 2058 2474 2115 hoc

135 2145 222 2203 vel
263 2145 406 2203 illud
450 2145 636 2204 daret.

302 2233 588 2307 Sequitur,
635 2238 704 2290 ut
747 2233 946 2305 qualia
989 2234 1110 2291 sint
1154 2230 1236 2294 τὰ
1281 2235 1631 2313 γράμματα
1679 2250 1716 2292 a
1759 2234 2001 2293 muliere
2042 2234 2256 2292 relicta
2300 2250 2473 2306 quae-

135 2337 340 2401 ramus;
385 2328 560 2395 atque
606 2328 767 2381 recte
813 2324 1036 2381 monuit
1082 2322 1320 2381 Schulin
1364 2323 1403 2380 1.
1451 2340 1494 2381 s.
1533 2341 1588 2396 p.
1632 2327 1710 2382 11
1730 2318 1781 2403 1)
1828 2321 2105 2396 Spudiam
2152 2322 2296 2381 duas
2333 2323 2473 2381 illas

135 2411 302 2468 minas
355 2430 469 2469 non
525 2413 736 2470 debere
788 2411 1097 2486 Polyeucti
1151 2412 1340 2485 uxori,
1405 2413 1507 2469 sed
1561 2411 1882 2485 Polyeucto
1946 2413 2075 2485 ipsi.
2168 2411 2283 2471 Sed
2343 2429 2471 2471 cum

131 2498 252 2557 inde
294 2500 514 2560 efficiat
566 2494 650 2561 τὰ
708 2501 1062 2581 γράμματα
1119 2518 1244 2559 esse
1297 2502 1671 2575 syngraphas
1716 2495 2248 2583 (Schuldscheine),
2322 2517 2473 2573 quae

135 2587 338 2647 fuerint
385 2592 449 2647 in
503 2590 703 2648 uxoris
757 2592 1144 2663 possessione,
1202 2608 1437 2649 censere
1494 2591 1733 2650 videtur
1786 2592 1894 2649 has
1940 2592 2312 2665 syngraphas
2356 2607 2473 2648 non

135 2679 345 2736 mulieri
394 2678 501 2737 sed
553 2679 872 2752 Polyeucto
927 2680 1044 2752 ipsi
1098 2679 1294 2752 datas,
1351 2681 1425 2737 ab
1481 2680 1591 2738 illa
1642 2685 1873 2738 tantum
1929 2680 2280 2739 adservatas
2324 2696 2471 2738 esse.

135 2767 206 2824 At
247 2767 652 2840 duodeviginti
696 2769 884 2826 minas
930 2768 1149 2827 femina
1206 2774 1341 2841 post
1383 2768 1694 2843 Polyeucti
1738 2776 1984 2827 mortem
2032 2770 2196 2827 dedit
2240 2774 2476 2827 mutuas

133 2871 302 2927 neque
343 2858 535 2929 igitur
578 2858 707 2916 fieri
753 2859 959 2930 potuit,
1025 2862 1093 2916 ut
1137 2856 1490 2931 Polyeuctus
1554 2858 1663 2915 hoc
1707 2858 1780 2915 de
1826 2858 2022 2916 debito
2070 2858 2471 2931 syngrapham

136 2942 368 3016 Spudiae
413 2948 730 3021 acciperet3
778 2947 880 3005 sed
924 2962 1000 3004 ne
1045 2947 1116 3005 de
1163 2947 1386 3004 duabus
1433 2946 1661 3017 quidem
1709 2947 1831 3003 illis
1876 2948 2051 3004 minis
2094 2948 2209 3004 sibi
2255 2946 2474 3004 debitis

135 3036 510 3109 syngrapham
557 3035 811 3109 Spudiae
855 3035 1210 3110 Polyeuctus
1251 3036 1561 3107 reliquisse
1607 3036 1863 3108 videtur,
1910 3051 2059 3107 quae
2104 3038 2365 3094 venisset
2407 3036 2471 3092 in

137 3126 312 3181 uxoris
357 3127 792 3198 possessionem,
840 3142 972 3183 nam
1021 3126 1257 3183 obstant
1303 3126 1485 3182 verba
1532 3123 1567 3199 ξ
1609 3128 1717 3182 22:
1776 3119 2015 3209 ἐνῆσαν
2070 3122 2195 3201 μὲν
2241 3115 2361 3205 γὰρ
2400 3119 2471 3183 αἱ

134 3209 234 3269 δύο
277 3218 446 3291 μναῖ
489 3261 504 3274 .
545 3259 559 3274 .
600 3262 612 3275 .
659 3212 769 3274 καὶ
815 3212 892 3273 οὗ
940 3217 1148 3291 μόνον
1196 3213 1231 3272 ὃ
1275 3210 1693 3281 Πολύευκτος
1739 3202 2184 3296 ἀποθνῄσκων
2229 3214 2472 3279 ταύτας

139 3293 553 3389 ἐνεκεκλήκει,
618 3320 766 3375 quae
820 3305 1003 3362 verba
1056 3306 1146 3360 ita
1197 3303 1599 3373 intellegenda
1644 3319 1771 3362 esse
1806 3309 1974 3377 puto:
2038 3305 2277 3360 inerant
2320 3302 2471 3359 duae

136 3389 258 3447 illae
307 3392 499 3450 minae
552 3385 668 3473 (ita
721 3396 788 3449 ut
840 3394 1038 3450 uxoris
1097 3409 1318 3464 quoque
1373 3394 1706 3451 testimonio
1762 3392 2020 3451 debitum
2076 3397 2280 3463 extare
2343 3407 2470 3449 con·

135 3473 404 3561 firmetur)
457 3496 644 3553 neque
699 3483 855 3539 solus
910 3482 1264 3555 Polyeuctus
1319 3483 1637 3540 moriturus
1692 3498 1793 3539 eas
1846 3477 2218 3562 petiverat.2)
2309 3480 2471 3551 Quae

137 3569 402 3627 conclusio
458 3586 632 3628 sensu
687 3576 942 3643 careret,
999 3572 1052 3628 si
1106 3570 1288 3630 vidua
1341 3571 1739 3645 syngrapham
1795 3568 2110 3642 Polyeucto
2165 3586 2203 3627 a
2248 3568 2470 3643 Spudia

137 3654 314 3716 datam
359 3663 589 3716 tantum
634 3659 1025 3719 adservasset.

295 3849 335 3918 1)
377 3848 626 3915 „Dareus
663 3849 798 3915 geht
834 3848 1078 3903 deutlich
1116 3850 1334 3915 hel-vor,
1375 3846 1479 3901 dass
1518 3892 1531 3903 .
1572 3892 1584 3905 .
1624 3892 1637 3905 .
1675 3863 1785 3902 von
1830 3846 2059 3915 Spudias
2107 3844 2469 3915 ausgestellte

137 3914 534 3973 Schuldscheine
572 3920 817 3987 gemeint
853 3920 1002 3986 sind,
1058 3921 1146 3974 die
1193 3920 1333 3973 sich
1380 3922 1463 3973 im
1499 3918 1772 3973 Besitze
1819 3920 1933 3973 der
1968 3920 2141 3972 Frau
2178 3920 2273 3973 des
2308 3918 2467 3986 Poly-

138 3988 311 4043 euktos
347 3990 728 4047 befanden.“

295 4062 334 4131 2)
373 4062 440 4117 cf.
477 4061 734 4117 Schaefer
769 4062 804 4115 1.
845 4078 884 4118 S.
923 4062 1035 4115 VII
1072 4078 1124 4129 p.
1163 4064 1258 4117 59:
1295 4076 1403 4115 non
1440 4062 1613 4115 solum
1648 4059 1979 4127 Polyeuctus
2014 4061 2072 4115 in
2108 4060 2295 4115 mortis
2333 4057 2465 4113 arti-

135 4129 240 4185 culo
275 4138 515 4187 testatus
553 4139 674 4188 erat
711 4134 844 4187 duas
879 4132 1006 4187 illas
1041 4134 1217 4187 minas
1253 4132 1356 4187 sibi
1393 4148 1426 4185 a
1462 4131 1667 4201 Spudia
1704 4132 1909 4199 deberi,
1956 4133 2051 4187 sed
2096 4148 2183 4187 res
2228 4131 2395 4185 etiam
2432 4144 2463 4183 e

134 4201 320 4259 tabulis
357 4206 426 4258 ab
465 4205 582 4259 eius
619 4219 789 4260 uxore
829 4204 1038 4259 relictis
1075 4206 1349 4273 apparuit.
