3009 4859
1057 320 1502 376 ..27-

103 504 345 555 actorem
392 514 456 555 se
501 499 626 569 ipso
673 501 899 554 mortuo
946 512 1226 553 summam
1273 496 1476 553 statim
1516 500 1903 567 accepturum
1938 514 2052 555 non
2091 514 2217 557 esse
2231 500 2467 571 :itaque

112 583 498 668 ἀποτίμημα
562 585 743 645 dedit.
835 586 926 643 Ex
981 582 1311 642 hereditate
1370 585 1617 656 pecunia
1680 584 1964 644 solvenda
2027 593 2145 665 est;
2208 588 2469 646 fortasse

111 693 216 733 non
267 678 454 751 prius,
507 692 679 747 quam
727 680 890 732 actor
955 680 1014 731 et
1067 671 1318 745 Spudias
1373 673 1444 731 de
1507 674 1675 731 bonis
1738 674 2072 733 dividendis
2134 678 2466 749 pactionem

110 765 374 837 fecerint,
421 764 810 837 persolvetur.
901 762 1255 835 Polyeuctus
1303 766 1495 819 autem
1535 778 1663 819 cum
1707 779 1819 820 non
1865 765 2175 836 ignoraret
2218 767 2465 823 multum

109 870 272 926 saepe
353 856 634 925 temporis
698 853 898 924 dilabi,
983 852 1160 909 donec
1241 850 1543 908 hereditas
1634 851 2025 925 divideretur,
2110 858 2463 913 testamento

111 944 424 1015 constituit,
471 947 539 999 ut
575 946 738 999 actor
772 941 998 999 fructus
1036 941 1235 997 domus
1271 941 1507 1012 pignori
1546 942 1843 1013 oppositae
1881 944 2226 1015 perciperet.
2302 944 2465 1014 Quae

111 1048 227 1089 cum
281 1031 450 1089 facta
507 1032 651 1103 sint,
709 1032 926 1088 actoris
972 1029 1129 1086 haud
1183 1031 1274 1085 ita
1327 1028 1573 1086 multum
1630 1032 1973 1104 interesset,
2030 1025 2221 1089 decem
2276 1032 2465 1090 minas

111 1124 260 1193 ipsas
311 1138 483 1191 quam
531 1120 832 1177 celerrime
879 1120 1166 1191 accipere,
1223 1119 1276 1174 si
1331 1134 1396 1176 re
1443 1134 1591 1176 vera
1644 1120 1940 1178 mercedes
1996 1137 2206 1193 cogere
2250 1127 2463 1194 posset.

107 1210 310 1282 ltaque
357 1226 471 1267 non
517 1210 800 1266 miramur
855 1207 1003 1280 quod
1061 1208 1133 1265 de
1190 1206 1283 1264 die
1330 1206 1515 1264 debiti
1561 1207 1828 1266 solvendi
1873 1211 2062 1267 actori
2120 1226 2247 1267 cum
2292 1209 2466 1285 Poly-

109 1305 263 1357 eucto
323 1300 557 1356 omnino
615 1314 727 1355 non
784 1298 1124 1355 convenisse
1177 1296 1441 1367 videtur,
1499 1312 1626 1352 eum
1685 1292 2080 1379 ἀποτίμημα
2137 1294 2467 1382 dabatur.²)

279 1438 398 1499 Sed
470 1440 616 1497 haec
688 1440 1110 1511 relinquamus:
1205 1438 1535 1510 videamus,
1620 1438 1899 1511 quomodo
1972 1444 2137 1498 actor
2208 1438 2463 1515 Spudiae
2493 1430 2563 1539 Ῑέξ
2588 1432 2693 1528 {effi
2715 1446 2776 1529 {g

107 1530 589 1587 contradictiones
643 1528 929 1601 repudiet.
1022 1527 1162 1586 Cum
1219 1532 1404 1585 testes
1461 1533 1659 1600 vocat,
1726 1530 1827 1601 qui
1893 1529 2235 1587 confirment
2288 1529 2465 1604 Poly·
2548 1540 2716 1583 adlata.

109 1624 334 1677 euctum
389 1634 686 1691 nunquam
751 1616 993 1675 desiisse
1051 1617 1316 1675 confiteri
1371 1632 1436 1673 se
1489 1616 1685 1675 decem
1750 1619 1939 1675 minas
2003 1620 2189 1676 actori
2254 1618 2465 1679 debere

106 1706 196 1783 (ἐξ
239 1711 300 1783 6,
353 1704 488 1784 16),
543 1712 670 1765 tum
715 1708 905 1779 legem
931 1705 1176 1775 adfert,
1231 1722 1348 1777 qua
1394 1704 1632 1762 disertis
1679 1707 1878 1772 verbis
1925 1709 2120 1765 vetari
2165 1710 2469 1767 contendit

105 1797 257 1854 litem
317 1796 551 1855 intendi
606 1796 676 1853 de
733 1797 978 1869 pignore
1032 1812 1070 1852 a
1123 1794 1443 1867 Polyeucto
1498 1794 1655 1853 dato,
1757 1795 1917 1865 Quae
1972 1784 2067 1855 lex
2132 1800 2465 1857 accuratius

105 1886 416 1943 tractanda
488 1890 604 1957 est,
678 1901 812 1942 nam
895 1900 1042 1957 quae
1106 1884 1312 1941 insunt
1373 1883 1759 1942 difficultates
1830 1886 1988 1942 inter
2050 1886 2211 1945 viros
2266 1885 2465 1946 doctos

106 1974 533 2033 controversias
577 1968 1112 2053 procreaverunt.2)

278 2063 521 2121 Duobus
567 2067 761 2119 autem
807 2062 1092 2120 orationis
1139 2062 1282 2120 locis
1327 2062 1519 2133 legem
1563 2062 1865 2119 laudatam
1917 2062 2273 2122 invenimus:

281 2151 316 2227 ἓ
361 2156 428 2211 7:
493 2144 744 2232 (νόμος)
801 2142 867 2218 ὃς
922 2148 1040 2209 οὐκ
1099 2144 1177 2229 ἐᾷ
1235 2148 1605 2235 διαρρήδην,
1672 2148 1792 2210 ὅσα
1855 2144 1976 2232 (εἷς
2022 2148 2065 2211 ἅ
2110 2152 2177 2212 F.
2219 2145 2311 2233 Q.)
2367 2172 2466 2221 τις

105 2236 532 2321 ἀπετίμησεν,
579 2228 752 2300 εἶναι
800 2238 978 2307 δίκας
1024 2230 1164 2299 οὔτ’
1214 2237 1435 2306 αὐτοῖς
1481 2240 1635 2298 οὔτε
1683 2244 1817 2307 τοῖς
1862 2235 2309 2321 κληρονόμοις.

286 2327 320 2403 ἓ
365 2330 468 2387 1οε
515 2322 762 2411 (νόμος)
801 2320 867 2396 ὃς
898 2326 1016 2387 οὐκ
1044 2322 1122 2408 ἐᾷ
1151 2335 1283 2388 τῶν
1317 2323 1879 2413 ἀποτιμηθέντων
1919 2322 2019 2389 ἔτι
2059 2326 2245 2411 δίκην
2285 2320 2461 2392 εἶναι

101 2415 269 2496 πρὸς
315 2416 465 2485 τοὺς
509 2412 796 2493 ἔχοντας.

282 2504 559 2565 Sancitur
609 2508 802 2578 igitur
855 2507 966 2564 hac
1021 2507 1180 2578 lege,
1228 2522 1322 2575 ne¹
1359 2506 1426 2577 ei,
1485 2505 1584 2577 qui
1632 2505 1855 2578 aliquid
1902 2508 2463 2581 oppigneraverunt,

101 2601 201 2652 aut
251 2612 450 2655 eorum
505 2595 748 2654 heredes
796 2596 866 2655 de
911 2595 1156 2667 pignore
1201 2596 1368 2652 litem
1414 2595 1732 2653 instituant
1778 2596 1889 2667 eiS,
1948 2596 2047 2668 qui
2102 2596 2317 2669 pignus
2372 2611 2463 2655 ac-·

101 2689 394 2757 ceperunt.
469 2686 682 2757 Atque,
729 2683 879 2757 quod
923 2685 1057 2757 lege
1102 2684 1498 2756 constituitur,
1547 2685 1830 2742 neminem
1876 2688 2107 2757 spectat
2151 2686 2269 2743 nisi
2313 2703 2461 2759 eum,

102 2775 194 2845 qui
252 2775 471 2847 pignus
509 2773 673 2831 dedit
717 2766 982 2853 (eiusque
1027 2765 1324 2854 heredes),
1382 2774 1487 2830 alii
1535 2773 1794 2831 actiones
1842 2774 2147 2832 intendere
2191 2781 2459 2847 possunt;

103 2863 171 2921 cf.
215 2862 435 2934 Hitzig
471 2863 508 2923 1.
547 2879 592 2921 S.

275 2949 393 3009 Sed
451 2968 622 3022 quam
679 2952 750 3007 ob
797 2967 1031 3008 causam
1077 2950 1228 3008 hanc
1271 2950 1462 3020 legem
1508 2950 1693 3006 latam
1741 2965 1869 3007 esse
1906 2949 2217 3022 putemus?
2310 2950 2463 3009 Sunt

100 3042 191 3111 qui
238 3040 578 3099 existiment
621 3040 753 3112 lege
797 3039 1144 3113 praescribi,
1192 3044 1260 3096 ut
1307 3039 1415 3109 eiS,
1465 3038 1565 3109 qui
1609 3038 1825 3111 pignus
1871 3038 2229 3111 acceperint,
2278 3039 2462 3098 liceat

97 3130 216 3187 sine
270 3130 395 3187 ullo
441 3129 657 3187 iudicio
712 3129 774 3187 in
827 3128 1092 3202 pignoris
1137 3128 1559 3199 possessionem
1606 3123 1865 3200 ingredi,
1922 3128 1999 3199 si,
2058 3128 2208 3200 quod
2254 3130 2327 3187 ab
2376 3146 2461 3203 e0,

97 3220 190 3289 qui
246 3218 468 3291 pignus
524 3218 712 3290 dedit,
778 3217 1119 3276 solvendum
1175 3222 1288 3289 est,
1355 3216 1448 3275 die
1505 3216 1823 3274 constituto
1880 3233 1995 3275 non
2040 3216 2315 3289 solvitur;
2384 3217 2459 3276 cf.

95 3306 359 3379 Platner,
408 3306 507 3378 qui
554 3324 626 3365 ex
672 3307 896 3364 duabus
944 3322 1088 3379 quas
1123 3305 1353 3378 profert
1387 3306 1979 3378 interpretationibus
2023 3306 2174 3364 hanc
2220 3307 2456 3379 probat;

91 3395 601 3468 Biichsenschiitz,
648 3396 986 3467 Thalheim,
1031 3394 1337 3453 Beauchet
1371 3394 1434 3454 ll.
1483 3411 1559 3455 ss.
1660 3394 1881 3452 Verum
1936 3400 2028 3453 est
2082 3396 2207 3453 sine
2265 3396 2459 3467 dubio,

271 3532 316 3599 1)
355 3530 425 3587 cf.
463 3532 840 3595 Gradenwitz‚
886 3529 1240 3597 Einfiihrung
1286 3529 1344 3581 in
1392 3528 1480 3585 die
1516 3529 1953 3596 Papyruskunde
1989 3528 2020 3582 I
2056 3530 2199 3585 1900
2233 3547 2283 3597 p.
2327 3531 2455 3583 115:

91 3603 200 3657 Der
243 3602 654 3670 Fruchtgenuss
712 3602 914 3655 sichert
969 3602 1073 3655 den
1131 3601 1430 3669 Gl‘aubiger
1485 3600 1641 3654 nicht
1694 3616 1875 3667 gegen
1930 3601 2035 3655 den
2083 3600 2311 3655 Verlust
2365 3601 2459 3655 des

90 3674 380 3741 KapitaIS,
438 3674 570 3728 aber
625 3689 682 3726 er
738 3672 893 3727 stellt
927 3672 1024 3726 ihn
1061 3673 1421 3741 unabhangig
1458 3688 1579 3725 vom
1618 3671 1957 3737 Zeitablauf,
2015 3671 2159 3725 denn
2212 3672 2307 3725 fiir
2360 3672 2462 3725 das

85 3744 412 3800 Entbehren
460 3745 552 3797 des
598 3744 856 3812 Kapitals
901 3744 1162 3798 wahrend
1211 3743 1358 3798 eines
1393 3744 1430 3797 J
1434 3744 1593 3797 ahres
1640 3742 1991 3811 entschiidigt
2026 3743 2123 3795 ihn
2160 3741 2247 3797 die
2284 3743 2459 3797 Ernte

89 3817 229 3871 eben
269 3817 444 3870 dieses
481 3816 706 3885 Jahres3
765 3816 993 3868 darum
1048 3815 1140 3869 ist
1193 3814 1300 3869 bei
1357 3814 1584 3869 diesen
1633 3814 1968 3867 Darlehen
2024 3813 2140 3866 der
2188 3814 2459 3867 Termin

88 3888 197 3941 fiir
259 3888 365 3942 die
420 3886 784 3955 Riickgabe
848 3886 1036 3941 nicht
1101 3901 1166 3939 so
1233 3886 1661 3950 wesentlich,
1727 3885 1869 3939 denn
1932 3899 1988 3939 es
2043 3886 2192 3939 kann
2246 3883 2307 3938 in
2362 3886 2463 3940 der

86 3957 488 4013 Zwischenzeit
527 3958 655 4011 kein
691 3958 818 4011 Zins
857 3958 1158 4013 auflaufen.

276 4032 318 4095 ²)
358 4037 591 4096 egerunt
628 4030 695 4083 de
732 4031 833 4083 hac
870 4030 1017 4099 lege3
1057 4028 1286 4083 Platner
1321 4027 1380 4081 II
1417 4028 1552 4095 3063
1590 4026 2033 4081 Biichsenschiitz
2054 4027 2185 4093 4913
2223 4027 2458 4081 Dareste

86 4102 161 4167 pl.
203 4102 314 4155 civ.
353 4101 380 4153 I
419 4100 549 4167 1653
606 4101 733 4155 AP2
769 4100 891 4167 523,
929 4102 1062 4169 8363
1118 4102 1316 4155 Szanto
1365 4098 1597 4155 Wiener
1632 4097 1863 4152 Studien
1898 4097 1978 4150 IX
2013 4097 2195 4165 (1887)
2231 4113 2283 4163 p.
2322 4097 2458 4165 2883

86 4172 386 4227 Thalheim
423 4172 607 4226 R.-A.⁴
644 4172 748 4226 103
788 4173 911 4228 adn.
950 4176 1008 4240 33
1047 4172 1242 4240 Hitzig
1282 4170 1386 4225 137
1400 4190 1414 4237 3
1454 4170 1737 4225 Beauchet
1773 4169 1864 4222 III
1900 4170 2034 4235 2813
2071 4169 2269 4223 Szanto
2309 4169 2457 4224 arch.

84 4244 270 4313 epigr.
310 4244 462 4299 Mitt.
500 4243 603 4297 XX
641 4243 765 4297 109.
