3009 4859
1515 276 1957 333 -34-

741 449 853 509 Sed
909 468 1036 509 cum
1088 453 1216 510 veri
1259 467 1374 510 non
1429 452 1511 508 sit
1556 451 1747 509 simile
1792 449 2071 523 Spudiam
2115 450 2333 510 viduae
2378 450 2768 524 syngrapham
2810 450 2888 507 de-

561 540 716 598 disse
761 540 834 618 de
879 541 1144 614 pecunia,
1199 557 1371 614 quam
1428 540 1630 599 debuit
1672 540 2017 614 Polyeuct0‚
2074 556 2177 597 nos
2232 542 2462 598 omnino
2517 539 2889 597 adsentientes

560 645 675 687 non
737 630 920 687 habet
981 628 1244 702 Schulin,
1310 646 1440 687 cum
1494 636 1732 688 censeat
1793 625 1878 689 τὰ
1941 629 2292 709 γράμματα
2357 645 2483 687 8888
2528 629 2889 702 syngraphas,

563 719 691 788 Qua
755 718 826 775 de
889 721 1184 777 sententia
1247 722 1316 776 ut
1376 717 1708 776 dubitemus
1772 734 1839 776 eo
1884 720 2073 789 magis
2118 733 2557 789 commovemur,
2605 717 2753 790 quod
2794 716 2890 773 De-

559 807 888 865 mosthenes
952 808 1024 865 de
1090 808 1184 865 his
1255 807 1590 888 γράμμασι
1652 806 1797 865 haec
1860 813 2094 865 narrat:
2162 797 2528 888 ἀμφότεροι
2594 809 2891 887 παρόντες

563 887 943 966 ἀνοίξαντες
997 886 1364 977 ἀντίγραφά
1409 886 1831 976 τ’ἐλάβομεν,
1888 887 2159 956 κάκεῖνα
2214 893 2419 957 πάλιν
2464 894 2890 977 κατασημηνά·

563 1003 757 1063 μενοι
803 974 964 1065 παρ’
1011 976 1424 1065 Ἀριστογένει
1471 984 1921 1063 κατεθέμεθα,
1968 983 2005 1060 ξ
2046 988 2150 1056 21;
2220 979 2460 1070 ἐνῆσαν
2515 982 2641 1063 μὲν
2687 981 2797 1063 γὰρ
2838 977 2894 1041 αἱ

562 1073 680 1134 δύο
735 1080 905 1152 μναῖ
955 1106 1040 1115 --
1099 1068 1338 1159 ἐνῆσαν
1396 1072 1452 1134 δ’
1465 1070 1534 1134 αἱ
1588 1070 1795 1150 χιλίαι
1840 1073 1949 1133 καὶ
1998 1072 2399 1148 ὀκτακόσιαι,
2465 1073 2500 1149 ξ
2542 1077 2654 1145 22;
2717 1076 2892 1132 πᾶσιν

557 1159 900 1239 ὁμολογῶν
945 1168 1080 1230 τοῖς
1131 1162 1629 1243 γεγραμμένοις,
1686 1162 1722 1237 ἓ
1765 1166 1873 1234 22;
1931 1179 2081 1235 quae
2126 1165 2312 1223 verba
2356 1180 2472 1220 non
2517 1162 2791 1223 videntur
2830 1163 2894 1218 si-

563 1251 844 1323 gnificare
900 1252 1295 1325 syngraphas,
1361 1252 1464 1310 sed
1528 1252 1805 1310 credibile
1870 1256 1961 1309 est
2025 1252 2145 1309 alia
2209 1268 2431 1324 quoque
2492 1254 2730 1309 nomina
2773 1266 2894 1307 com-

563 1346 885 1399 memorata
918 1340 1101 1399 fuisse
1147 1344 1210 1398 in
1255 1343 1513 1414 scriptis:
1563 1341 1801 1399 videtur
1833 1342 2023 1412 igitur
2058 1341 2308 1398 indicari
2343 1341 2653 1413 Polyeucti
2688 1356 2893 1397 uxorem

561 1430 870 1501 reliquisse
914 1432 1152 1503 scripta,
1197 1432 1258 1487 in
1306 1432 1515 1501 quibus
1551 1432 1812 1488 rationes
1847 1431 2124 1489 bonorum
2162 1448 2199 1487 a
2234 1430 2551 1503 Polyeucto
2588 1429 2894 1487 relictorum

563 1525 625 1575 et
663 1519 735 1575 ab
773 1535 844 1575 ea
897 1519 1027 1590 ipsa
1075 1519 1618 1577 administratorum
1664 1519 1960 1576 confectae
2007 1524 2195 1580 erant.
2288 1518 2451 1588 Quod
2496 1521 2552 1576 si
2598 1520 2893 1592 probamuS,

563 1607 833 1665 mirabile
879 1624 994 1664 non
1039 1613 1155 1680 est,
1214 1608 1368 1680 quod
1421 1610 1579 1667 inter
1634 1608 1752 1665 alia
1806 1610 2039 1665 nomina
2085 1610 2264 1667 etiam
2307 1610 2371 1665 in
2416 1608 2657 1665 tabulas
2698 1607 2895 1664 relatae

563 1702 702 1754 sunt
766 1696 915 1755 duae
977 1696 1116 1754 illae
1181 1699 1372 1755 minae
1437 1714 1474 1755 a
1528 1697 1845 1769 Polyeucto
1900 1696 2155 1770 Spudiae
2209 1702 2444 1755 mutuae
2500 1698 2679 1755 datae
2739 1710 2895 1765 neque

568 1786 902 1846 dissolutae.

741 1874 947 1946 Neque
1002 1876 1304 1947 quisquam
1358 1873 1670 1933 contendat
1723 1874 1873 1931 tales
1931 1874 2164 1931 tabulas
2220 1890 2257 1931 a
2320 1874 2567 1931 muliere
2636 1872 2895 1931 confectas

567 1965 723 2021 tanti
776 1964 1050 2021 momenti
1104 1980 1220 2021 non
1275 1980 1428 2037 esse,
1483 1965 1689 2036 quanti
1734 1968 1932 2021 censet
1977 1963 2424 2033 DemostheneS,
2482 1980 2618 2025 nam
2676 1959 2896 2020 conside·

563 2052 812 2111 randum
868 2057 959 2109 est
1014 2054 1234 2125 scripta
1288 2069 1416 2110 cum
1473 2070 1508 2110 a
1565 2052 1805 2110 muliere
1869 2057 2099 2109 mortua
2161 2052 2371 2110 relicta
2433 2056 2560 2109 tum
2620 2070 2657 2109 a
2710 2048 2897 2122 Spudia

563 2143 802 2213 eiusque
847 2158 1026 2199 uxore
1075 2144 1280 2213 agnita
1327 2158 1470 2203 esse.
1564 2142 1637 2200 cf.
1683 2141 1936 2199 Dareste
1980 2141 2060 2214 pl.
2099 2142 2211 2199 civ.
2250 2141 2283 2198 I
2327 2159 2383 2214 p.
2425 2143 2581 2213 1533
2636 2136 2893 2198 AP2869

565 2231 702 2289 adn.
743 2233 889 2290 282.

744 2320 819 2377 In
863 2320 1067 2391 primis
1115 2324 1307 2377 autem
1351 2319 1699 2378 monendum
1735 2325 1841 2391 est,
1886 2336 1962 2378 ne
2000 2321 2129 2390 quis
2166 2321 2436 2391 opinetur
2473 2318 2715 2376 viduam
2749 2320 2895 2373 testa·

497 2412 500 2417 '
568 2413 824 2465 mentum
879 2407 1086 2465 fecisse
1144 2414 1248 2465 aut
1301 2407 1504 2479 legata
1558 2410 1881 2480 scripsisse.
1981 2408 2053 2465 cf.
2102 2406 2340 2465 Schulin
2402 2425 2458 2480 p.
2502 2411 2612 2480 11,
2685 2408 2752 2464 de
2809 2418 2894 2475 quo

565 2498 804 2555 rettulit
845 2496 1145 2555 Beauchet
1189 2497 1254 2555 H
1304 2500 1456 2568 3653
1514 2497 1750 2570 Lipsius
1795 2493 1945 2554 ΑΡἱῃ
1993 2500 2141 2569 592,
2190 2498 2321 2556 81111.
2372 2498 2525 2568 29Ο;
2594 2496 2670 2554 de
2712 2493 2894 2565 legatis

566 2588 978 2657 cogitaverant
1041 2585 1278 2643 Bunsen
1343 2586 1381 2644 1.
1437 2604 1482 2642 s.
1550 2603 1605 2658 p.
1664 2588 1773 2657 573
1840 2586 2027 2658 Gans,
2092 2586 2215 2643 Das
2280 2585 2575 2643 Erbrecht
2640 2588 2707 2643 in
2764 2582 2895 2641 welt-

566 2674 908 2745 geschichtl.
964 2674 1386 2746 Entwicklung
1438 2674 1470 2731 I
1522 2676 1693 2733 1824
1757 2692 1813 2747 p.
1855 2677 2009 2746 3893
2075 2675 2439 2747 Buermann‚
2504 2674 2669 2735 Berl.
2715 2669 2894 2731 Philol.

567 2762 986 2823 Wochenschr.
1035 2762 1090 2821 V
1147 2766 1316 2822 1885
1373 2780 1429 2835 p.
1472 2765 1598 2821 592
1657 2762 1809 2820 hunc
1861 2764 2051 2820 locum
2104 2766 2430 2837 respexisse
2477 2763 2742 2836 videtur,
2794 2775 2897 2819 cum

565 2854 712 2911 haec
755 2857 1092 2926 exponeret:
1149 2852 1300 2925 „Ein
1345 2852 1643 2910 'ahnliches
1679 2852 2142 2910 Zuriickbleiben
2188 2853 2288 2911 des
2325 2852 2543 2910 Rechts
2590 2852 2785 2910 hinter
2816 2849 2898 2906 der

567 2943 770 3001 realen
814 2941 1236 3013 Entwicklung
1282 2942 1384 2999 der
1432 2941 1841 3000 Verhaltnisse
1892 2942 2042 3013 liegt
2085 2959 2217 3013 vor,
2272 2958 2443 3000 wenn
2490 2942 2727 3000 Frauen
2770 2942 2897 2996 trotz

568 3031 732 3088 ihrer
775 3030 1171 3101 gesetzlichen
1207 3030 1672 3102 Unmiindigkeit
1714 3030 1944 3103 Legate
1992 3030 2359 3103 aussetzen“,
2407 3047 2542 3087 nam
2589 3030 2663 3089 118
2708 3032 2809 3087 1188
2846 3041 2898 3083 re

569 3120 794 3178 adferri
839 3120 1028 3178 solent
1072 3120 1168 3177 hic
1211 3120 1370 3177 locus
1416 3125 1477 3177 et
1522 3120 1687 3177 Dem.
1736 3119 2031 3192 XXXVI,
2076 3123 2175 3178 14.

571 3237 579 3241 ·
750 3208 864 3267 Sed
891 3209 1022 3293 alia
1057 3210 1212 3265 inest
1247 3209 1309 3265 in
1346 3208 1438 3265 his
1477 3210 1747 3266 versibus
1784 3208 2124 3281 difficultas;
2163 3210 2607 3280 legimusenim
2646 3210 2897 3279 scriptum

569 3298 631 3354 111
677 3296 712 3371 ἓ
754 3300 820 3357 9:
876 3296 959 3377 ῆν
1013 3294 1140 3373 μὲν
1196 3293 1312 3377 γὰρ
1368 3296 1444 3356 τὸ
1501 3286 1809 3378 α’ργύριον
1863 3294 2045 3375 παρὰ
2099 3300 2215 3381 τῆς
2258 3293 2685 3373 Πολυεύκτου
2744 3293 2898 3357 δεδα-

573 3387 906 3464 νεισμένος
934 3388 1252 3460 γυναικός,
1272 3386 1623 3463 γράμματα
1654 3375 1913 3447 δ’ἔστιν
1953 3379 1996 3445 ἃ
2033 3383 2387 3446 κατέλιπεν
2424 3370 2899 3469 α’ποθνῄσκουσ’

571 3468 820 3556 ἐκείνη,
885 3474 1211 3554 μάρτυρες
1284 3466 1425 3533 δὀἱ
1487 3478 1601 3559 τῆς
1664 3474 1964 3551 γυναικὸς
2023 3466 2296 3553 ἀδελφοὶ
2344 3476 2673 3551 παρόντες
2717 3470 2899 3534 ἅπασι

570 3562 683 3625 καὶ
747 3554 1196 3623 καθ’ἕκαστον
1255 3555 1741 3644 ἐπερωτῶντες,
1798 3560 1906 3625 ἵνα
1964 3560 2168 3645 μηδὲν
2221 3560 2526 3643 δυσχερὲς
2589 3560 2749 3650 ἡμῖν
2810 3552 2898 3637 εἴη

571 3651 736 3732 πρὸς
781 3642 1115 3737 ἀλλήλους.
1207 3652 1426 3722 Quibus
1473 3669 1600 3710 cum
1641 3654 1837 3711 verbis
1874 3654 2052 3711 velim
2098 3653 2365 3711 conferas
2409 3653 2600 3723 legem
2648 3654 2721 3710 ab
2756 3650 2899 3708 Isaeo

570 3743 651 3819 X,
694 3744 777 3801 10
835 3746 1156 3799 servatam:
1235 3740 1270 3799 ὃ
1326 3744 1525 3819 νόμος
1582 3739 1936 3827 διαρρήδην
1990 3738 2228 3802 κωλύει
2283 3738 2474 3802 παιδὶ
2530 3738 2623 3827 μὴ
2684 3735 2901 3811 ἐξεῖναι

571 3826 976 3911 συμβάλλειν
1021 3828 1188 3912 μηδὲ
1235 3829 1491 3905 γυναικὶ
1538 3830 1712 3911 πέρα
1756 3828 2078 3908 μεδίμνου
2125 3823 2472 3911 κριθῶν1),
2520 3846 2691 3903 quam
2734 3830 2900 3900 legem

753 4055 794 4125 1)
831 4053 901 4108 cf.
938 4054 1199 4121 Harpocr.
1238 4070 1280 4107 8.
1322 4070 1374 4109 v.
1423 4056 1503 4107 ὅτι
1550 4055 1707 4109 παιδὶ
1745 4096 1757 4108 .
1798 4099 1811 4112 .
1853 4074 1893 4122 .;
1931 4056 2114 4123 (Phot.
2162 4060 2220 4111 et
2266 4055 2416 4112 Suid.
2465 4072 2506 4111 8.
2555 4055 2677 4111 11811.
2724 4070 2774 4107 v.
2816 4046 2902 4114 v.;)

571 4126 740 4180 schol.
796 4127 868 4179 ad
921 4124 1198 4193 Aristoph.
1254 4124 1458 4181 EccleS.
1515 4143 1567 4183 v.
1606 4127 1772 4193 10253
1827 4126 2155 4182 Balahanoff
2203 4128 2514 4195 suspicatus
2570 4132 2657 4181 est
2699 4126 2733 4180 1.
2770 4138 2822 4178 S..
2842 4120 2900 4173 29

571 4196 698 4250 81111.
734 4197 767 4249 1
815 4198 886 4249 ad
930 4197 1156 4251 eandem
1199 4196 1380 4263 legem
1417 4197 1701 4251 referenda
1738 4214 1855 4253 csse
1891 4200 2061 4253 verba
2096 4198 2259 4253 huius
2298 4198 2587 4255 orationist
2646 4194 2765 4251 οὐδὲ
2799 4191 2901 4246 ταύ-
