3009 4859
115 443 220 499 loco
272 456 388 497 non
433 443 681 513 apparet
734 456 1004 511 sponsum
1059 440 1226 497 illum
1273 440 1493 499 iniuria
1538 441 1889 500 contendere
1934 457 1997 498 se
2041 442 2271 523 κύριον
2325 459 2455 502 esse

116 530 355 587 mulieris
402 530 514 587 sibi
561 529 894 601 desponsae,
943 545 1292 603 quamquam
1333 530 1488 588 nihil
1532 530 1775 603 proficit.

269 618 473 690 Neque
535 618 962 691 neglegendam
1027 636 1153 677 esse
1216 624 1358 693 puto
1424 620 1596 680 Dion.
1653 619 1858 693 Chrys.
1915 636 1998 678 or.
2046 619 2167 692 XI,
2216 622 2299 679 46
2324 637 2451 694 sqq.

115 725 160 766 v.
192 707 400 764 Arnim
455 706 488 764 I
540 724 594 779 p.
649 710 802 781 127,
868 707 1022 765 unde
1085 708 1294 766 Hruza
1357 714 1766 780 argumentum
1828 710 1942 766 sibi
2006 710 2182 781 petit3
2249 710 2452 781 agitur

113 796 322 867 quidem
377 794 486 852 1100
542 812 766 869 quoque
821 797 945 854 loco
1002 796 1072 854 de
1125 798 1300 855 rebus
1348 797 1659 873 fabulosis,
1714 797 1816 857 sed
1861 798 1974 855 Dio
2029 815 2159 855 cum
2216 815 2450 870 operam

114 886 206 957 det,
250 890 316 941 ut
365 884 726 943 demonstret
770 884 1060 943 Helenam
1109 888 1180 944 ab
1219 886 1557 945 Alexandro
1604 904 1719 946 non
1765 891 2013 959 raptam,
2062 886 2164 943 sed
2210 904 2247 944 a
2291 887 2449 960 Tyn-

111 974 262 1031 dareo
318 978 490 1047 patre
539 975 594 1031 ei
639 975 700 1031 in
745 976 1177 1032 matrimonium
1225 974 1422 1033 datam
1469 992 1624 1047 esse,
1680 994 1795 1034 non
1852 975 1928 1033 ad
1976 976 2449 1043 consuetudinem

113 1063 321 1120 illorum
375 1067 762 1135 tyrannorum
817 1069 1068 1137 spectat,
1126 1064 1228 1123 sed
1289 1064 1365 1122 ad
1419 1065 1617 1123 stricti
1660 1067 1809 1123 iuris
1852 1069 2189 1138 praecepta:
2245 1066 2449 1137 itaque

111 1152 213 1209 eius
266 1156 618 1223 argumenta
672 1152 748 1209 ad
803 1154 1102 1211 obrussam
1159 1153 1450 1225 exigenda
1495 1159 1649 1212 sunt.
1742 1156 2235 1226 Agamemnonem
2299 1156 2445 1226 legi-

111 1256 214 1297 mus
256 1242 321 1298 in
367 1238 404 1315 ἓ
445 1242 527 1299 53
577 1242 992 1314 suscensuisse,
1041 1259 1170 1300 011111
1213 1243 1275 1300 111
1323 1260 1388 1301 00
1435 1248 1606 1315 esset,
1654 1247 1721 1300 ut
1765 1243 2117 1317 Tyndareus
2161 1243 2447 1302 Helenam

109 1330 258 1387 daret
304 1329 670 1402 Alexandro,
728 1330 833 1388 sed
887 1349 1001 1390 non
1055 1332 1356 1405 habuisse,
1413 1332 1693 1404 quomodo
1750 1349 1874 1389 eum
1923 1332 2261 1405 impediret,
2317 1350 2448 1391 cum

111 1419 437 1491 Tyndareus
492 1420 714 1500 κύριος
770 1427 925 1477 esset
978 1420 1163 1478 filiae:
1219 1420 1336 1481 τὸν
1392 1417 1460 1482 δὲ
1516 1420 1856 1496 ἄχθεσθαι
1900 1423 2051 1500 μέν,
2109 1419 2227 1481 οὐκ
2273 1419 2449 1497 ἔχειν

107 1504 161 1567 δὲ
209 1507 390 1575 ὅπως
433 1504 692 1590 κωλύσῃ
738 1507 854 1569 τὸν
907 1509 1297 1589 Τυνδάρεων
1325 1523 1339 1535 ·
1369 1511 1599 1590 κύριον
1654 1506 1773 1591 γὰρ
1834 1499 2006 1571 εἶναι
2067 1513 2180 1596 τῆς
2238 1510 2445 1571 αὑτοῦ

108 1596 413 1678 θυγατρός
477 1593 832 1673 (loquentem
895 1598 1042 1656 facit
1103 1598 1216 1657 Dio
1281 1599 1644 1657 sacerdotem
1707 1600 1994 1672 quendam
2039 1592 2446 1683 Aegyptium).

104 1685 437 1758 Tyndareus
481 1686 668 1757 igitur
713 1686 976 1745 Helenae
1021 1688 1241 1769 κύριος
1287 1693 1403 1760 est;
1469 1705 1607 1745 num
1668 1687 1781 1746 hac
1843 1706 1909 1746 re
1971 1690 2257 1761 probatur
2320 1706 2446 1747 sen-

105 1776 274 1833 tentia
318 1774 679 1833 Ferdinandi
723 1774 968 1833 Hruza?
1059 1776 1318 1851 Minime,
1362 1794 1498 1834 nam
1543 1776 1843 1835 Menelaus
1888 1777 2147 1835 Dioneus
2192 1794 2306 1834 non
2353 1783 2447 1836 est

105 1866 332 1922 maritus
377 1863 670 1939 Helenae,
725 1865 828 1923 sed
883 1882 1002 1923 una
1047 1882 1176 1925 cum
1213 1866 1346 1925 aliis
1391 1867 1683 1925 nobilibus
1730 1883 1858 1924 eam
1903 1866 1966 1923 in
2010 1866 2443 1924 matrimonium

105 1955 258 2025 petit3
328 1954 592 2011 omnibus
639 1960 836 2012 autem
880 1954 1216 2014 Alexander
1259 1957 1639 2029 praeponitur
1685 1972 1723 2012 a
1766 1955 2104 2029 Tyndareo,
2161 1957 2259 2027 qui
2314 1956 2443 2013 sine

102 2042 254 2100 dubio
312 2046 404 2100 est
458 2044 676 2124 κύριος
728 2043 886 2101 filiae
940 2060 1055 2101 non
1109 2044 1442 2103 collocatae.
1534 2044 1755 2102 Nostra
1798 2060 2147 2117 magnopere
2193 2045 2445 2102 interest

103 2130 325 2190 Dionem
380 2131 576 2189 facere
631 2149 744 2191 non
790 2134 1065 2205 potuisse,
1122 2133 1261 2205 quin
1306 2134 1569 2191 fabulam
1623 2137 2032 2204 commutaret,
2092 2137 2158 2190 ut
2212 2132 2441 2191 demon-

100 2226 304 2279 straret
357 2216 622 2299 „Zassstv
666 2211 1068 2301 Ἀλέξανδρον
1115 2218 1236 2307 τὴν
1280 2212 1547 2303 Ἑλένην
1595 2215 1665 2281 ἐκ
1714 2229 1831 2281 τοῦ
1878 2221 2186 2282 δικαίου.“

259 2310 387 2368 Α111
441 2315 636 2367 autem
693 2315 958 2369 veterum
1014 2311 1354 2382 scriptores,
1421 2312 1522 2384 qui
1588 2315 1725 2369 ante
1781 2311 2121 2368 Aristotelis
2178 2316 2440 2383 tempora

101 2396 342 2471 fuerunt,
386 2398 802 2457 infirmioribus
846 2401 1207 2471 argumentis
1255 2416 1426 2471 quam
1463 2400 1577 2457 Dio
1613 2400 2014 2458 Alexandrum
2060 2404 2120 2457 et
2153 2398 2440 2457 Helenam

99 2486 411 2545 defendisse
485 2488 787 2547 videntur:
861 2493 1181 2561 posuerunt
1257 2491 1411 2547 enim
1478 2489 1766 2547 Helenam
1832 2490 2102 2561 nupsisse
2174 2488 2439 2546 Menelao

100 2592 264 2649 neque
321 2582 516 2635 tamen
570 2578 792 2635 iniuria
835 2577 1236 2635 Alexandrum
1291 2582 1552 2636 secutam
1600 2595 1743 2637 esse.
1834 2578 2087 2648 Quorum
2144 2578 2215 2635 de
2260 2594 2439 2649 argu-

99 2669 290 2724 mentis
337 2666 477 2737 quid
523 2666 881 2725 iudicaverit
925 2666 1294 2739 Aristoteles,
1361 2672 1529 2741 patet
1577 2685 1648 2726 ex
1693 2667 1818 2726 eius
1865 2673 1978 2726 art.
2024 2666 2176 2727 rhet.
2223 2667 2287 2724 II
2336 2670 2437 2739 24,

99 2770 138 2823 p.
176 2757 344 2813 1401
368 2756 425 2829 b,
477 2757 587 2815 35:
647 2751 839 2825 ἄλλος
885 2753 988 2830 (sc.
1026 2760 1227 2824 τόπος
1273 2763 1405 2817 τῶν
1453 2755 1872 2842 φαινομένων
1918 2750 2439 2858 ἐνθυμημάτων)

97 2841 264 2924 παρὰ
309 2841 433 2927 τὴν
470 2837 777 2926 ἔλλειψιν
813 2852 931 2905 τοῦ
967 2847 1136 2905 πότε
1174 2842 1283 2904 καὶ
1321 2852 1479 2917 πῶς,
1529 2845 1671 2905 οἱον
1717 2843 1820 2904 ὅτι
1860 2843 2119 2911 δικαίως
2165 2841 2435 2915 Αλέξαν-

97 2929 221 3012 δρος
284 2927 482 3013 ἔλαβε
548 2930 668 3019 τὴν
729 2925 996 3014 Ἑλένην
1027 2946 1041 2960 ·
1082 2929 1326 3012 αἵρεσις
1390 2929 1507 3014 γὰρ
1577 2931 1748 3015 αὐτῇ
1814 2925 2021 3014 ἐδόθη
2085 2929 2268 3014 παρὰ
2315 2940 2434 2993 τοῦ

36 3096 38 3099 y
93 3025 342 3103 πατρός.
435 3019 512 3083 οὐ
568 3014 690 3102 γὰρ
739 3017 842 3081 ἀεὶ
888 3016 1063 3092 ἴσως,
1124 3011 1286 3081 ἀλλὰ
1334 3020 1410 3081 τὰ
1454 3030 1723 3103 πρῶτον
1752 3034 1765 3047 ·
1797 3020 1908 3082 καὶ
1964 3012 2084 3102 γὰρ
2132 3021 2167 3081 ὅ
2212 3018 2437 3108 πατὴρ

36 3160 38 3185 ;
95 3113 268 3189 μέχρι
333 3112 573 3170 τούτου
637 3103 931 3192 nuptos-J)
1042 3110 1266 3174 Existit
1336 3112 1527 3182 igitur
1602 3104 1962 3193 ἐνθύμημα
2029 3114 2435 3190 φαινόμενον

36 3194 38 3243 ἲ
93 3201 228 3269 quod
292 3199 495 3257 dicunt
507 3196 576 3277 5³),
642 3216 775 3257 nam
840 3204 1042 3257 auctor
1107 3201 1326 3258 celavit
1389 3204 1494 3258 aut
1548 3200 1779 3271 quidem
1842 3201 2037 3258 omisit
2100 3198 2175 3259 τὸ
2238 3203 2433 3260 nove:

93 3294 251 3357 pater
295 3288 516 3369 κύριος
562 3287 823 3347 Helenae
868 3293 992 3346 tum
1039 3288 1172 3363 fuit,
1220 3306 1348 3347 cum
1383 3290 1490 3348 illa
1528 3290 1781 3348 Menelai
1816 3305 1963 3346 uxor
1998 3288 2249 3347 nondum
2286 3295 2435 3361 erat,

89 3393 204 3448 11011,
253 3394 382 3435 cum
430 3377 728 3435 Menelaus
775 3394 903 3436 eam
949 3378 1220 3439 duxerat.

255 3466 380 3536 Quo
427 3484 498 3524 ex
543 3467 666 3524 1000
712 3468 852 3539 quid
889 3468 1241 3526 Aristoteles
1289 3468 1359 3527 de
1402 3468 1562 3526 filiae
1608 3468 1924 3526 collocatae
1970 3468 2169 3549 κυρίῳ
2216 3468 2436 3538 cogita-

89 3556 235 3612 verit
278 3555 454 3628 plane
501 3561 764 3628 apparet.

256 3645 417 3715 Quae
481 3661 608 3701 cum
670 3646 760 3702 ita
823 3645 968 3717 sint,
1033 3644 1406 3702 statuendum
1471 3649 1563 3702 est
1624 3660 1799 3717 penes
1862 3648 2091 3715 patrem
2145 3660 2259 3700 non
2307 3659 2432 3701 esse

85 3734 505 3796 matrimonium
550 3734 707 3791 filiae
753 3735 982 3793 solvere
1025 3750 1211 3806 neque
1257 3738 1416 3791 recte
1460 3732 1666 3790 Hruza
1712 3750 1743 3790 e
1788 3732 2081 3790 contrario
2127 3732 2433 3803 collegisse

255 3907 292 3969 1>
330 3904 544 3973 Sauppe
580 3904 641 3957 in
677 3910 816 3958 orat.
854 3904 1027 3958 Attic.
1065 3904 1128 3957 11
1162 3921 1216 3971 p.
1240 3904 1346 3958 223
1383 3903 1519 3958 haec
1554 3904 1722 3957 verba
1758 3902 2066 3970 Polycratis
2104 3918 2221 3957 esse
2256 3902 2431 3972 suspi-

83 3980 250 4030 catur.
269 4006 338 4013 —
359 3977 591 4042 Primus,
627 3976 736 4030 nisi
772 3975 950 4043 fallor,
988 3977 1132 4030 hunc
1167 3975 1342 4029 locum
1380 3974 1588 4029 adtulit
1625 3975 1883 4040 Kuebler,
1906 3973 2309 4043 Sav.-Stiftung
2326 3975 2431 4031 XV

85 4044 582 4188 (1894)²)pcf:.3{7·g.
620 4117 883 4172 Heinrich
919 4118 1109 4187 Maier,
1147 4118 1248 4173 Die
1285 4116 1613 4185 Sylloss'issffl1
1650 4118 1700 4171 d·
1730 4116 2058 4171 Ariswteles
2094 4116 2169 4182 H'
2191 4117 2221 4170 1
2243 4115 2427 4187 (1900)

83 4202 133 4252 p.
169 4189 291 4243 493.
