3009 4859
351 3154 471 3195 Num
501 3151 600 3193 filia

323 3208 452 3250 irati-i
496 3205 628 3258 adop-

1596 316 2013 372 -42-

621 493 776 551 enim
834 510 934 551 eas
988 508 1138 564 quae
1193 491 1352 549 filiae
1405 490 1800 550 hereditariae
1854 490 2094 548 futurae
2150 496 2349 563 erant,
2418 484 2829 575 ἐπικλήρους
2892 493 2937 551 ia

618 583 813 640 dicere
877 581 1172 655 solebant,
1239 597 1366 638 cum
1420 584 1594 654 pater
1638 580 1891 640 viveret.
1984 579 2197 637 Pollux
2232 578 2359 649 111,
2402 581 2511 651 333
2577 578 2801 639 Suidas
2858 599 2903 640 s,

619 664 972 753 ἐπίκληρος
985 665 1063 751 1);
1112 666 1262 727 AP2
1293 671 1439 729 614.
1516 668 1717 740 Neque
1764 673 1963 727 tamen
2008 669 2218 741 negari
2254 674 2447 741 potest
2482 669 2663 746 patri,
2714 671 2937 741 quamq

618 761 882 830 viveret,
940 759 1095 817 omni
1151 764 1409 832 tempore
1462 758 1696 815 licuisse
1750 758 2008 815 filiarum
2062 758 2425 816 condiciones
2482 762 2887 830 commutare,
2934 762 2937 819 i

619 848 770 922 quod
809 864 883 906 ex
918 848 1031 906 hac
1069 851 1333 906 oratione
1370 847 1545 919 plane
1581 853 1852 920 apparet:
1892 846 2247 921 Polyeuctus
2284 848 2437 905 enim
2474 864 2604 905 cum
2637 847 2937 906 Leocratc

621 938 951 1011 adoptavit,
995 936 1246 1008 filiabus,
1294 951 1442 1008 quac
1488 940 1668 994 antea
1706 937 1897 993 fratrc
1935 937 2234 1008 carebant,
2279 935 2525 994 fratrem
2565 935 2748 993 dedit.
2835 936 2937 996 Uni

620 1028 888 1099 sequitur
941 1042 1042 1084 eas
1089 1027 1207 1084 iam
1252 1040 1366 1082 non
1411 1041 1542 1083 esse
1588 1016 2008 1107 ἐπικλήρους,
2066 1041 2202 1083 nam
2247 1024 2402 1083 filius
2447 1025 2798 1098 adoptatuS,
2868 1044 2937 1099 qm

622 1124 793 1174 tenus
840 1114 917 1173 ad
962 1114 1115 1172 hanc
1161 1131 1286 1172 rem
1329 1114 1607 1186 pertinet,
1656 1112 1807 1171 nihil
1852 1113 2056 1171 differt
2101 1131 2138 1171 a
2181 1114 2303 1172 filio
2347 1114 2629 1186 legitimo.
2723 1116 2805 1173 cf.
2861 1133 2937 1185 eq

623 1204 934 1262 Thalheim
971 1198 1184 1264 R.-A.⁴
1221 1204 1304 1263 83
1346 1202 1478 1260 adn.
1523 1204 1590 1275 63
1637 1201 1875 1275 Hafter,
1920 1202 2033 1260 Die
2070 1202 2427 1261 Erbtochter
2461 1204 2611 1262 nach
2648 1208 2762 1262 att.
2807 1203 2937 1263 Rec]

803 1381 1083 1440 Leocrati
1131 1380 1410 1454 adoptato
1455 1379 1817 1454 Polyeuctus
1864 1380 2113 1437 alteram
2160 1380 2341 1437 filiam
2388 1380 2569 1453 dedit,
2616 1397 2816 1453 neque
2868 1396 2937 1440 cm

625 1472 734 1530 hoc
781 1471 1002 1529 factum
1050 1474 1168 1544 est,
1229 1469 1333 1527 sed
1386 1468 1540 1541 quod
1593 1469 1728 1539 lege
1782 1470 2071 1527 sancitum
2125 1474 2242 1542 est,
2306 1475 2376 1527 ut
2429 1471 2615 1543 patri,
2680 1470 2787 1542 qui
2852 1472 2937 1529 filis

625 1565 863 1618 tantum
908 1560 1155 1637 habeat,
1218 1575 1334 1616 non
1377 1558 1561 1616 liceat
1605 1558 1789 1615 filium
1835 1558 2145 1630 adoptare,
2208 1558 2325 1616 nisi
2369 1559 2485 1631 ita,
2548 1567 2616 1617 ut
2678 1575 2872 1618 unam
2926 1574 2937 1617 t

627 1650 862 1707 filiabus
917 1649 976 1706 ei
1032 1648 1132 1705 det
1185 1663 1448 1718 uxorem3
1507 1662 1622 1718 qua
1675 1647 1809 1718 lege
1861 1647 2043 1705 filiam
2096 1655 2241 1704 natu
2296 1648 2571 1706 maiorem
2616 1648 2781 1705 nullo
2838 1648 2937 1707 mod

627 1738 948 1811 praeferri,
1023 1736 1160 1794 inde
1226 1736 1594 1807 cognoscitur
1657 1736 1808 1807 quod
1868 1735 2189 1794 Leocrates
2252 1735 2415 1795 ducit
2476 1737 2757 1795 minorem
2774 1782 2791 1810 ‚
2877 1754 2937 1797 cn

630 1828 906 1886 maiorem
962 1826 1217 1897 accipiat
1272 1830 1451 1886 actor.
1541 1825 1727 1897 Legis
1782 1825 1965 1897 ipsius
2014 1826 2365 1883 mentionem
2430 1826 2577 1883 facit
2629 1826 2711 1884 Is.
2750 1826 2863 1885 ΠΙ
2902 1830 2937 1886 61

628 1918 730 1975 ubi
799 1916 988 1973 addit:
1056 1913 1294 1975 οὐκοῦν
1358 1910 1530 1992 μετὰ
1576 1921 1709 1975 τῶν
1772 1914 2158 1995 θυγατέρων
2222 1908 2361 1975 ἔστι
2420 1914 2647 2001 δοῦυαι
2694 1915 2817 1975 καὶ
2868 1916 2937 1977 δια

631 2004 881 2067 θέσθαι
936 2000 1019 2065 τὰ
1075 2002 1279 2063 αὑτοῦ
1310 2017 1322 2029 ·
1353 2003 1515 2063 ἄνευ
1572 1999 1643 2063 δὲ
1698 2010 1829 2063 τῶν
1884 2002 2271 2085 θυγατέρων
2330 2002 2448 2079 οὐχ
2503 2004 2641 2064 οἶόν
2698 2022 2776 2064 τε
2854 2008 2937 2065 οὔι

631 2094 1046 2181 ποιήσασθαι
1121 2094 1274 2153 οὔτε
1350 2091 1581 2153 δοῦναι
1656 2089 1874 2152 οὐδενὶ
1948 2089 2139 2153 οὐδὲν
2211 2100 2344 2153 τῶν
2419 2088 2677 2154 ἑαυτοῦ.
2806 2096 2937 2167 Atqu

632 2184 821 2257 Lipsii
877 2177 1044 2264 (ΑΡ2
1076 2183 1201 2241 589
1253 2181 1384 2239 adn.
1427 2174 1583 2262 285)
1632 2182 1957 2239 -verborum
2014 2182 2560 2254 interpretationem
2624 2185 2825 2241 secuti
2890 2188 2937 2241 nn

633 2274 913 2332 habemus
995 2288 1098 2329 cur
1175 2287 1511 2329 censeamus
1583 2286 1725 2329 voce
1798 2268 2213 2355 ποιήσασθαι
2283 2272 2572 2329 neminem
2646 2272 2937 2343 significem

635 2362 751 2421 nisi
795 2378 901 2434 per
944 2366 1359 2419 testamentum
1405 2359 1768 2433 adoptatum:
1817 2364 1878 2415 ct
1921 2376 2028 2432 per
2064 2364 2476 2418 testamentum
2522 2366 2583 2417 et
2603 2393 2608 2399 ·
2626 2360 2793 2419 inter
2836 2364 2937 2421 viva

637 2450 946 2525 adoptatos
991 2449 1239 2508 indicari
1287 2449 1663 2506 arbitramur.
1756 2446 1976 2517 Quibus
2031 2465 2159 2506 cum
2206 2450 2404 2508 verbis
2450 2450 2548 2521 qui
2604 2449 2761 2507 hunc
2815 2451 2937 2519 loom

637 2540 921 2598 orationis
984 2538 1268 2597 adversus
1333 2536 1616 2610 Spudiam·
1678 2542 1975 2610 comparat
2046 2570 2136 2578 —
2218 2536 2534 2596 Leocrates
2597 2538 2759 2596 inter
2834 2532 2937 2600 viv<

641 2629 953 2701 adoptatus
998 2644 1252 2685 sororem
1298 2626 1634 2699 adoptivam
1680 2625 1847 2686 duxit
1886 2658 1966 2667 —
2015 2626 2164 2684 nihil
2210 2627 2497 2685 interesse
2540 2631 2734 2702 putet,
2808 2636 2937 2686 utrm

638 2718 796 2776 filius
850 2733 956 2790 per
1010 2721 1424 2774 testamentum
1480 2732 1557 2773 an
1611 2715 1768 2773 inter
1822 2716 1993 2775 vivos
2049 2716 2363 2789 adoptatus
2417 2718 2495 2774 sit
2539 2732 2726 2788 neque
2774 2720 2937 2790 probe

641 2806 795 2879 quod
850 2806 1116 2878 exposuit
1177 2804 1480 2862 Beauchet
1524 2803 1604 2875 ΙΙ,
1647 2806 1759 2875 56,
1835 2805 1934 2876 qui
1989 2804 2305 2862 contendat
2375 2805 2558 2863 filium
2612 2805 2776 2863 inter
2839 2809 2937 2866 vin

645 2895 986 2968 adoptatum
1044 2910 1298 2952 sororem
1342 2894 1401 2951 in
1448 2894 1877 2951 matrimonium
1924 2892 2133 2951 ducere
2178 2895 2411 2951 solitum
2460 2911 2611 2969 esse,
2668 2910 2806 2952 cum
2852 2896 2937 2953 filil

641 3002 748 3058 per
791 2988 1207 3041 testamentum
1253 2982 1567 3056 adoptatus
1613 2983 2043 3041 matrimonium
2080 2983 2231 3041 inire
2267 2983 2497 3055 legibus
2544 2990 2884 3053 cogeretur.

827 3159 942 3219 Sed
996 3165 1132 3218 utut
1185 3161 1331 3218 haec
1385 3176 1448 3217 se
1503 3160 1749 3234 habent,
1809 3159 2128 3219 Leocrates
2192 3176 2445 3218 sororem
2501 3160 2671 3219 duxit
2725 3168 2790 3219 et
2838 3164 2937 3221 her

345 3262 442 3304 tivo
473 3258 606 3301 eollo·
648 3252 884 3310 futurus
956 3250 1205 3308 omnium
1278 3249 1586 3323 Polyeucti
1662 3250 1937 3306 bonorum
2010 3248 2310 3307 habendus
2384 3256 2491 3308 est.
2610 3250 2817 3321 Atque
2897 3253 2937 3311 ia

344 3313 622 3421 αξξῖ,ξῗζῖἷ“
650 3341 913 3414 quaestio
961 3339 1250 3409 exoritur,
1306 3354 1476 3411 quam
1524 3337 1676 3395 solvi
1722 3354 1836 3394 non
1881 3353 2066 3410 posse,
2114 3342 2393 3409 quantum
2438 3337 2631 3413 video,
2689 3355 2757 3396 eo
2818 3356 2937 3411 mag

650 3430 957 3489 dolendum
1003 3434 1110 3499 est,
1159 3430 1304 3509 quia
1340 3427 1500 3484 locus
1540 3426 1821 3483 orationis
1858 3425 2238 3484 difficillimus
2276 3420 2336 3503 (ξ
2378 3430 2456 3486 27
2506 3423 2587 3487 τὰ
2624 3429 2867 3508 χρυσία
2908 3450 2937 3489 κ

649 3516 732 3580 τὰ
778 3514 1009 3597 ἱμάτια
1051 3562 1064 3575 .
1103 3563 1116 3578 .
1156 3562 1190 3591 .,
1255 3512 1346 3575 ὧν
1393 3515 1428 3574 ὃ
1473 3511 1885 3582 Πολύευκτος
1939 3518 2411 3591 προςαπέτεισε
2484 3520 2574 3599 τῷ
2619 3520 2937 3597 Λεωκράι

649 3604 846 3669 πλεῖν
893 3595 934 3688 ἢ
981 3602 1214 3681 χιλίας,
1264 3621 1375 3677 quo
1423 3604 1494 3661 de
1540 3604 1663 3660 loco
1710 3604 1944 3661 uberius
1992 3620 2165 3675 agam
2216 3621 2273 3677 p.
2314 3602 2426 3686 43)
2489 3607 2600 3663 hac
2663 3609 2937 3677 quaestiq

651 3698 842 3755 soluta
887 3712 1098 3755 novam
1144 3695 1332 3752 lucem
1379 3692 1698 3766 acciperet;
1765 3693 1918 3752 dico:
1986 3693 2249 3751 dotemne
2294 3693 2419 3752 filia
2464 3694 2805 3768 Polyeucti‚
2870 3710 2937 3769 qut

611 3808 614 3811 ⁴
652 3788 856 3860 nupsit
899 3784 1078 3842 fratri
1123 3783 1428 3855 adoptivo,
1497 3782 1813 3854 acceperit,
1861 3799 1938 3840 an
1982 3798 2112 3840 non.
2214 3781 2327 3841 Sed
2382 3800 2569 3855 neque
2622 3784 2775 3842 haec
2821 3791 2937 3843 orat

650 3876 861 3933 idonea
907 3878 1016 3945 est,
1064 3888 1211 3944 quae
1256 3871 1623 3945 respondeat,
1669 3888 1855 3943 neque
1901 3871 2005 3929 alii
2049 3872 2243 3930 fontes
2286 3880 2520 3945 praesto
2565 3877 2723 3931 sunt.
2811 3874 2937 3942 Nem

653 3965 807 4022 enim
871 3962 1108 4019 dubium
1173 3965 1290 4033 est,
1355 3960 1494 4032 quin
1558 3959 1629 4016 de
1693 3960 1785 4018 his
1847 3961 2023 4019 rebus
2068 3963 2363 4020 erraverit
2406 3961 2803 4035 Hieronymus
2852 3946 2937 4021 W&

839 4170 879 4237 1)
919 4170 1106 4224 eodem
1142 4168 1288 4222 loco:
1329 4168 1615 4221 καλοῦνται
1654 4167 1713 4223 δὲ
1748 4165 2045 4240 ἐπίκληροι,
2084 4173 2190 4221 κᾶν
2228 4169 2321 4221 δύο
2349 4157 2461 4234 αἷσι,
2498 4173 2603 4220 κᾶν
2630 4170 2872 4236 πλείους,
2908 4142 2937 4223 al

656 4242 758 4293 bae
795 4238 970 4305 igitur
1007 4239 1153 4293 filiae
1190 4238 1476 4305 Polyeucti
1513 4240 1793 4311 ἑπίκληροι
1831 4244 1987 4309 sunt3
2026 4238 2095 4296 cf.
2133 4240 2339 4296 Andoc.
2368 4240 2415 4306 Ι,
2444 4242 2576 4309 1173
2632 4239 2705 4297 Is.
2735 4224 2937 4311 vum
