3009 4859
1001 323 1392 377 ...5-

59 491 304 574 [Dindorf
343 496 509 555 Dem.
567 496 656 557 ed.
722 496 901 555 Oxon.
968 497 1090 555 vol.
1126 494 1246 553 VII
1312 512 1366 569 p.
1422 490 1649 575 1179):
1724 496 1811 569 „si
1875 496 2127 567 legimus
2192 512 2385 577 προς-

59 587 422 669 απετίμησε,
479 581 540 665 (ξ
582 589 661 645 27
714 602 772 645 v.
808 587 848 646 l.
895 580 1404 666 προςαπέτεισε)
1451 600 1655 643 sensus
1702 583 1819 643 erit
1862 584 2248 659 Polyeuctum
2294 600 2383 643 or-

59 682 299 733 namenta
355 675 518 733 filiae
581 676 654 732 ab
721 690 784 733 se
833 674 976 732 data
1029 675 1201 734 1000
1250 674 1546 731 drachmis
1593 674 1963 746 aestimasse,
2010 678 2078 731 ut
2124 672 2226 731 dos
2272 667 2382 753 (sc.

59 764 139 821 los
182 764 336 823 uxori
379 763 759 822 Leocratis
806 763 974 838 data,
1033 762 1186 835 quod
1243 767 1490 837 apparet
1538 780 1570 821 e
1616 760 1915 839 contextu)
1964 765 2049 823 40
2096 763 2383 820 minarum

59 850 463 927 zompleretur.“

207 943 397 1015 Atque
451 942 514 1000 in
569 941 767 999 eodem
813 957 1010 999 errore
1064 946 1333 1001 versatur
1377 941 1682 999 Beauchet
1719 941 1750 998 I
1792 943 1949 1002 2902
2002 940 2192 1017 „ainsi
2238 940 2386 997 dans

63 1047 97 1088 a
147 1031 264 1105 dot,
317 1046 428 1104 que
482 1030 705 1089 fournit
748 1030 1070 1104 Polyeucte
1127 1046 1200 1087 en
1253 1030 1511 1088 mariant
1565 1046 1633 1089 sa
1684 1029 1805 1087 fille
1862 1032 1898 1087 a
1954 1028 2268 1101 Leocrate,
2324 1032 2386 1085 et

59 1120 133 1191 lui
177 1119 478 1194 comprend
535 1136 648 1177 une
692 1119 904 1177 valeur
949 1120 1019 1177 de
1057 1125 1345 1191 quaranta
1392 1120 1603 1190 mines,
1659 1119 1744 1176 les
1794 1118 2017 1193 joyaux
2071 1123 2133 1177 et
2185 1116 2387 1175 habits

59 1208 105 1267 le
165 1210 220 1267 la
280 1210 490 1268 femme
554 1213 688 1266 sont
743 1210 998 1282 comptes
1043 1224 1192 1280 pour
1235 1208 1393 1266 mille
1449 1208 1811 1265 drachmeS.“
1907 1207 2058 1266 Nam
2104 1221 2387 1280 ponamus

59 1296 299 1356 Leocrati
359 1298 552 1355 dotem
619 1314 745 1355 esse
802 1297 1209 1370 constitutam,
1276 1300 1361 1358 40
1425 1298 1615 1355 minas
1680 1312 1811 1354 eum
1870 1296 2159 1369 accepisse
2223 1300 2385 1354 certe

59 1388 328 1459 nescimus3
382 1388 558 1444 timeo
606 1403 679 1443 ne
727 1386 1098 1445 confuderint
1141 1387 1262 1445 viri
1310 1386 1464 1445 docti
1504 1386 1695 1444 dotem
1732 1385 2039 1444 Leocratis
2076 1401 2204 1443 cum
2251 1385 2387 1442 dote

59 1474 301 1548 {pudiae,
360 1492 509 1549 quae
563 1492 776 1535 revera
835 1507 913 1518 -—
978 1477 1029 1533 si
1084 1475 1255 1534 fidem
1301 1476 1619 1534 tribuimus
1665 1475 1849 1533 actori
1900 1506 1980 1518 —-
2030 1474 2388 1531 ornamentis

59 1564 227 1623 iecem
271 1566 557 1623 minarum
603 1564 822 1623 additis
867 1566 1067 1637 explet
1114 1567 1200 1625 40
1247 1566 1452 1625 minas.
2412 1622 2416 1627 .

207 1653 328 1712 Alii
376 1654 676 1712 contraria
723 1654 795 1712 de
841 1654 1146 1712 Leocratis
1195 1654 1328 1711 dote
1376 1654 1668 1712 iudicasse
1713 1652 2015 1725 videntum
2075 1654 2185 1710 hac
2232 1652 2386 1709 enim

59 1744 287 1801 »ratione
343 1744 457 1801 nisi
511 1743 667 1800 hunc
720 1743 846 1801 fere
908 1744 969 1800 in
1023 1743 1253 1801 modum
1307 1744 1662 1801 sententiam
1727 1744 2123 1815 protulerunt-z
2198 1740 2388 1813 „Wer

59 1848 146 1889 mr
187 1832 443 1890 'Richter
487 1832 681 1903 hatte,
729 1830 947 1906 pflegte
994 1832 1118 1889 sich
1164 1833 1332 1889 einen
1379 1830 1538 1890 Sohn
1584 1848 1657 1890 zu
1704 1832 2047 1903 adoptieren
2091 1830 2209 1887 und
2256 1829 2386 1886 dem

59 1921 416 1994 &doptierten
463 1922 593 1979 eine
639 1922 833 1979 seiner
877 1921 1131 1979 'I'dchter
1175 1938 1283 1979 zur
1323 1921 1453 1979 Ehe
1498 1937 1574 1978 zu
1619 1922 1825 1992 geben,
1873 1919 1966 1978 die
2005 1918 2161 1977 dann
2197 1918 2385 1976 ihrem

59 2010 241 2069 danne
287 2011 393 2068 das
441 2008 784 2083 Haupterbe
829 2010 1166 2082 zubrachte,
1215 2010 1496 2069 wahrend
1544 2009 1639 2067 die
1684 2008 2055 2067 Schwestern
2098 2008 2210 2065 mit
2254 2007 2391 2064 Mit-

59 2100 220 2169 giften
283 2099 658 2171 abgefunden
712 2099 990 2157 wurden“
1055 2098 1453 2157 Schoemann-
1473 2100 1741 2171 LipsiuS‚
1789 2098 2021 2156 Griech.
2060 2097 2277 2155 Altert.
2316 2092 2389 2153 14

59 2190 202 2247 [897
253 2206 306 2262 Ρ.
350 2190 503 2261 376,
579 2193 685 2246 aut
756 2204 992 2262 „waren
1056 2188 1322 2246 mehrere
1384 2187 1642 2245 Tochter
1716 2186 1793 2243 da
1866 2181 1969 2266 (sc.
2033 2185 2151 2242 und
2212 2185 2387 2242 keine

59 2275 269 2353 mbae),
337 2293 399 2335 so
462 2278 664 2336 wurde
727 2278 788 2334 in
853 2277 956 2334 der
1013 2278 1199 2349 Regel
1264 2276 1368 2335 der
1412 2276 1822 2350 Adoptivsohn
1886 2276 1995 2332 mit
2057 2275 2220 2332 einer
2285 2274 2390 2331 der

59 2364 286 2424 Richter
340 2368 597 2440 verlobt,
656 2366 748 2423 die
802 2367 1048 2438 iibrigen
1103 2367 1212 2423 mit
1257 2366 1561 2437 Mitgiften
1616 2361 2026 2437 abgefunden“
2078 2363 2388 2421 Thalheim

59 2456 186 2527 apud
231 2456 641 2530 Pauly-WiSS.
689 2472 733 2513 S.
781 2473 838 2517 v.
883 2455 1190 2527 Adoption.
1303 2455 1588 2513 Similiter
1652 2455 1805 2513 idem
1868 2455 1906 2514 1.
1945 2470 1990 2515 s,
2047 2468 2189 2512 voce
2246 2445 2387 2513 ἐπί·

61 2541 263 2625 εληρος
319 2552 379 2603 et
433 2541 635 2607 Ιὶ.-Α.4
676 2548 756 2604 72
807 2544 938 2602 adn.
979 2547 1036 2603 4.
1138 2544 1440 2602 Beauchet
1477 2545 1511 2602 Ι
1552 2546 1701 2603 273:
1769 2543 1893 2618 „les
1946 2543 2111 2600 biens
2164 2540 2388 2599 heredi-

63 2634 216 2689 aires
265 2635 655 2707 composaient
701 2633 858 2691 alors
906 2649 976 2690 en
1024 2634 1270 2708 quelque
1317 2639 1479 2704 sorte
1520 2634 1581 2691 la
1636 2633 1737 2691 dot
1783 2632 1853 2689 de
1900 2630 2177 2691 celle-ci.“
2276 2629 2389 2687 Sed

61 2722 150 2776 'iri
206 2720 451 2803 doctil),
507 2740 634 2781 cum
696 2722 839 2780 haec
893 2723 1244 2795 scriberent,
1301 2724 1697 2795 quaestionem
1753 2722 1967 2794 ipsam,
2023 2720 2095 2777 de
2149 2736 2264 2791 qua
2309 2720 2389 2776 lo·-

61 2810 292 2882 [uimur,
357 2828 469 2867 non
532 2812 856 2882 respexisse
921 2812 1228 2883 videntur,
1292 2828 1479 2884 neque
1543 2812 1733 2882 igitur
1796 2828 1867 2869 ex
1930 2826 2129 2867 eorum
2194 2809 2394 2867 verbis

61 2898 345 2968 Quicquam
412 2899 747 2956 efficiamus
848 2900 1026 2956 Dicat
1071 2901 1357 2972 quispiam
1403 2918 1508 2971 per
1570 2904 1985 2957 testamentum
2052 2897 2392 2968 adoptatum

61 2986 125 3041 ‘el
187 2988 384 3057 potius
444 2987 568 3044 eius
622 3003 859 3045 uxorem
917 2988 1107 3046 dotem
1161 3004 1274 3046 non
1321 2990 1613 3062 accipere,
1676 3004 1804 3045 cum
1870 2986 2072 3045 statim
2132 2985 2209 3043 ad
2262 3002 2392 3043 eum

61 3075 285 3133 reniant
331 3078 483 3134 bona
528 3076 720 3148 patris
766 3076 1046 3151 adoptivi,
1093 3077 1437 3134 Leocratem
1485 3083 1681 3135 autem
1730 3076 1920 3134 dotem
1966 3075 2278 3148 accepisse,
2326 3080 2395 3131 ut

61 3164 161 3221 =ius
227 3166 457 3223 fructus
516 3166 870 3238 perciperet,
938 3165 1117 3223 donec
1180 3166 1536 3239 Polyeuctus
1599 3166 1850 3225 viveret.
1962 3161 2057 3241 (cf.
2106 3180 2254 3236 quae
2301 3180 2395 3220 ex-

61 3270 316 3312 ›onemus
382 3255 452 3313 de
520 3248 878 3337 ἐπικλήρου
944 3254 1077 3312 dote
1140 3272 1194 3328 p.
1239 3250 1368 3335 12.)
1461 3254 1625 3325 Quod
1689 3272 1802 3313 non
1866 3254 2197 3327 probamus,
2262 3268 2397 3309 nam

63 3344 384 3401 nonendum
421 3350 512 3401 est
549 3344 894 3402 Leocratem
931 3344 1048 3402 iam
1085 3344 1404 3418 Polyeucto
1440 3346 1578 3403 vivo
1624 3345 1852 3401 fructus
1898 3345 2173 3400 bonorum
2208 3340 2399 3415 patris

63 3433 305 3503 ,doptivi
352 3433 666 3505 accepisse;
725 3433 797 3492 cf.
845 3450 899 3505 p.
942 3436 1043 3493 55.
1135 3434 1207 3491 In
1269 3433 1458 3491 medio
1501 3434 1693 3505 igitur
1736 3431 2178 3504 relinquendum
2221 3424 2399 3506 estss),

63 3528 239 3578 [trum
296 3521 652 3594 Polyeuctus
713 3522 873 3579 ffliae
936 3522 1112 3579 fratri
1176 3522 1452 3596 adoptivo
1517 3523 1833 3580 collocatae
1898 3521 2090 3579 dotem
2155 3518 2400 3589 dederit,

63 3627 252 3681 iecne3
303 3626 408 3667 nos
453 3611 578 3668 hoc
623 3612 948 3683 probemuS.

224 3816 264 3885 ¹)
306 3816 470 3871 velim
507 3816 751 3871 conferas
789 3834 998 3885 quoque
1035 3834 1144 3873 van
1182 3816 1287 3872 den
1313 3818 1413 3873 Es:
1453 3818 1535 3873 De
1571 3819 1689 3872 iure
1725 3816 1853 3872 fam.
1876 3816 2019 3885 apud
2038 3815 2239 3870 Athen.
2261 3812 2403 3867 1864

69 3933 80 3944 .
123 3890 228 3955 853
289 3888 601 3942 Caillemer:
650 3889 796 3943 droit
832 3891 900 3944 de
937 3895 1136 3956 tester,
1175 3891 1456 3945 Annuaire
1493 3890 1561 3944 de
1596 3891 1804 3944 l'assoc.
1840 3904 1977 3957 pour
2012 3888 2265 3943 l’encour.
2306 3886 2403 3940 des

63 3968 103 4018 t.
129 3961 234 4015 Gr.
256 3958 339 4013 IV
360 3959 540 4028 (1870)
560 3976 612 4027 p.
633 3961 730 4030 333
770 3960 1126 4015 Boissonade:
1165 3960 1394 4016 histoire
1433 3961 1499 4016 de
1536 3961 1592 4015 la
1611 3964 1828 4017 reserve
1856 3960 2036 4015 hered.
2055 3958 2213 4023 1873,
2233 3975 2284 4026 p.
2305 3958 2402 4024 553

63 4032 379 4088 zarrilleau:
399 4031 529 4085 bull.
552 4034 617 4085 de
638 4046 773 4085 corr.
793 4031 1196 4102 hen.V1(1892)
1214 4034 1402 4101 p.604,
1423 4033 1713 4087 Lecrivain
1732 4033 1877 4099 apud
1895 4031 2197 4099 Dar.·Sagl.
2210 4028 2405 4083 11662.

225 4102 268 4170 ²)
309 4118 377 4157 ex
412 4103 592 4157 verbis
630 4102 662 4171 ἓ
701 4105 734 4157 4
771 4112 878 4157 τῶν
913 4122 969 4157 τε
1006 4109 1141 4173 πρὸς
1180 4105 1438 4175 ἀλλήλους
1481 4106 1838 4176 ἐγκλημάτων
1884 4105 2234 4174 ἀπηλλάχθαι
2270 4102 2407 4152 πάν-

65 4197 138 4228 rou
197 4174 456 4297 dedidota
479 4174 620 4227 nihil
658 4176 1030 4243 cognoscitu13
1081 4175 1368 4231 Thalheim
1407 4178 1464 4230 in
1501 4192 1681 4245 progr.
1724 4176 1863 4230 1894
1901 4192 1954 4243 Ρ.
1994 4176 2063 4229 10
2099 4171 2247 4226 nullo
2287 4172 2406 4224 iure

97 4248 182 4300 28
223 4262 260 4298 a
326 4250 428 4300 ert.
