3009 4859
512 462 668 521 bona
722 461 927 519 stricto
991 462 1121 519 iure
1184 464 1455 534 repetere
1519 460 1792 535 potuerit,
1806 457 1854 537 1)
1920 476 1997 517 an
2060 460 2471 520 benevolentia
2534 462 2899 519 arbitrorum

513 551 822 623 receperit.
838 546 886 628 ²)
978 549 1116 624 NoS,
1164 550 1216 607 si
1261 549 1414 607 hanc
1457 549 1812 608 sententiam
1858 550 2086 607 omnino
2142 551 2540 623 probaremuS,
2590 566 2720 608 cum
2766 552 2903 609 illis
3007 596 3008 611 2

519 639 862 711 facer-emm,
900 656 1036 697 nam
1081 639 1218 697 inde
1263 638 1415 712 quod
1458 638 1776 697 Leocrates
1822 639 1973 699 bona
2018 641 2418 698 transactione
2453 640 2683 713 recipit,
2720 657 2902 699 nemo

520 729 766 801 colligat
811 745 939 787 eum
984 745 1080 787 res
1139 745 1276 786 suas
1335 735 1709 801 recepturum
1771 743 1885 786 non
1949 727 2152 807 fuisse,
2218 729 2271 786 si
2331 729 2612 787 iudices
2676 731 2894 787 stricto

518 819 647 876 iure
691 818 1047 877 sententiam
1093 818 1383 878 tulissent.
2860 858 2873 869 .

698 905 821 977 Quo
885 912 1084 966 autem
1145 913 1442 965 terrarum
1507 906 1564 964 ei
1626 907 1999 979 perveniunt,
2054 905 2156 979 qui
2204 938 2290 949 —-
2334 912 2404 963 ut
2449 906 2754 966 Beauohet
2798 939 2896 949 —

521 996 878 1055 contendunt
939 996 1285 1054 Leocratem
1349 995 1502 1053 bona
1564 996 1625 1052 in
1691 994 1999 1070 Polyeucti
2062 1012 2187 1053 rem
2250 995 2599 1056 familiarem
2662 995 2898 1055 inferre

519 1086 790 1143 debuisse
836 1078 942 1161 (H,
992 1078 1122 1166 47),
1187 1101 1363 1158 penes
1409 1083 1791 1158 Polyeuctum
1857 1084 2041 1143 fuisse
2084 1084 2370 1143 Leocrate
2434 1086 2622 1146 invito
2686 1085 2904 1143 matri-

516 1175 768 1233 monium
816 1175 1047 1232 solvere
1094 1168 1168 1253 (1,
1219 1167 1392 1254 221),
1438 1174 1477 1232 i.
1528 1190 1579 1232 e.
1625 1175 1993 1247 adoptionem
2036 1174 2267 1249 tollere,
2312 1174 2693 1249 Polyeuctum
2731 1175 2901 1232 bona

519 1263 828 1322 Leocratis
873 1265 1134 1322 retinere
1177 1264 1438 1337 potuisse
1486 1260 1595 1339 (Π,
1643 1261 1794 1339 68)?
1884 1262 2051 1322 Haec
2096 1263 2147 1321 si
2208 1264 2401 1321 omnia
2462 1280 2609 1323 vera
2671 1268 2907 1339 essent,

520 1353 652 1411 fieri
696 1358 911 1425 posset,
958 1358 1026 1410 ut
1062 1352 1420 1427 Polyeuctus
1456 1352 1864 1411 honestissime
1900 1351 2245 1411 Leocratom
2281 1352 2664 1411 defraudaret
2698 1353 2900 1425 boniS,

522 1444 575 1499 si
621 1443 813 1500 omnia
854 1443 1010 1517 iura,
1057 1458 1206 1515 quae
1252 1442 1343 1499 illi
1388 1442 1443 1499 ei
1489 1442 1839 1513 attribuunt,
1886 1446 2320 1514 exsequeretur.

705 1646 746 1716 ¹)
784 1647 1004 1703 Bunsen
1042 1664 1091 1715 p.
1115 1647 1210 1718 593
1251 1648 1545 1702 Schneider
1582 1648 1649 1702 de
1686 1649 1807 1703 iure
1842 1647 2072 1704 heredit.
2110 1648 2315 1703 Athen.
2350 1666 2401 1717 p.
2422 1649 2518 1718 293
2555 1647 2904 1703 Boissonade

518 1719 748 1775 histoire
785 1720 852 1774 de
888 1719 944 1773 la
979 1722 1197 1773 reservo
1232 1719 1414 1773 hered.
1454 1736 1505 1787 p.
1544 1721 1641 1788 583
1689 1720 1875 1775 Hruza.
1910 1735 1965 1787 p.
1985 1720 2055 1774 70
2092 1721 2214 1775 adn.
2238 1721 2327 1775 48:
2390 1736 2485 1790 „er
2533 1720 2733 1775 bekam
2772 1720 2900 1774 also

519 1806 645 1857 nur,
683 1806 799 1845 was
834 1791 942 1843 ihm
983 1790 1220 1847 ohnehin
1258 1791 1575 1860 gebiihrte.“

703 1863 747 1930 ²)
786 1862 1074 1917 Oaillemer
1129 1862 1275 1917 droit
1321 1864 1387 1916 de
1425 1868 1602 1916 tester
1657 1880 1709 1931 p.
1749 1864 1843 1917 25:
1904 1863 1983 1933 „si
2035 1863 2275 1931 l'adopte
2310 1863 2543 1932 reprend
2578 1863 2659 1916 les
2712 1861 2904 1929 bione,

523 1931 656 2000 qu’il
694 1933 849 1989 avait
886 1936 1160 2002 apporteS,
1198 1950 1258 1987 ce
1295 1934 1438 1988 n'est
1474 1949 1573 2001 pas
1610 1949 1679 1988 en
1714 1948 1772 1987 se
1810 1934 2041 1988 fondant
2079 1949 2173 1987 sur
2207 1935 2263 1987 la
2298 1934 2396 2003 loi;
2443 1936 2580 1990 c’est
2615 1949 2685 1988 en
2722 1942 2901 1988 vertu

525 2006 687 2059 d’une
725 2005 1118 2061 transaction.“
1198 2004 1267 2058 cf.
1307 2005 1595 2059 Thalheim
1632 2005 1817 2062 R.-A.⁴
1853 2022 1904 2074 p.
1942 2006 2015 2060 80
2052 2006 2176 2061 adn.
2214 2007 2265 2060 3.
