<?xml version="1.0" encoding="UTF-8"?>
<!DOCTYPE html PUBLIC "-//W3C//DTD XHTML 1.0 Transitional//EN"
    "http://www.w3.org/TR/xhtml1/DTD/xhtml1-transitional.dtd">
<html xmlns="http://www.w3.org/1999/xhtml" xml:lang="en" lang="en">
 <head>
  <title>
</title>
<meta http-equiv="Content-Type" content="text/html;charset=utf-8" />
  <meta name='ocr-system' content='tesseract 3.04.00' />
  <meta name='ocr-capabilities' content='ocr_page ocr_carea ocr_par ocr_line ocrx_word'/>
</head>
<body>
  <div class='ocr_page' id='page_1' title='image "./decausaorationi00burggoog_0013.png"; bbox 0 0 3009 4859; ppageno 0'>
   <div class='ocr_carea' id='block_1_1' title="bbox 1019 305 1416 361">
    <p class='ocr_par' dir='ltr' id='par_1_1' title="bbox 1019 305 1416 361">
     <span class='ocr_line' id='line_1_1' title="bbox 1019 305 1416 361; baseline 0 -16"><span class='ocrx_word' id='word_1_1' title='bbox 1019 305 1416 361; x_wconf 62' lang='grc'>-9-</span> 
     </span>
    </p>
   </div>
   <div class='ocr_carea' id='block_1_2' title="bbox 45 478 2421 3938">
    <p class='ocr_par' dir='ltr' id='par_1_2' title="bbox 46 478 2393 738">
     <span class='ocr_line' id='line_1_2' title="bbox 46 478 2392 555; baseline 0 -16"><span class='ocrx_word' id='word_1_2' title='bbox 46 535 50 539; x_wconf 76' lang='grc'><strong><em>,</em></strong></span> <span class='ocrx_word' id='word_1_3' title='bbox 228 482 403 543; x_wconf 83' lang='lat' dir='ltr'>Cuius</span> <span class='ocrx_word' id='word_1_4' title='bbox 457 497 596 539; x_wconf 88' lang='lat' dir='ltr'>usus</span> <span class='ocrx_word' id='word_1_5' title='bbox 652 480 915 555; x_wconf 86' lang='lat' dir='ltr'>exempla</span> <span class='ocrx_word' id='word_1_6' title='bbox 968 496 1006 537; x_wconf 88' lang='lat' dir='ltr'>a</span> <span class='ocrx_word' id='word_1_7' title='bbox 1058 480 1188 538; x_wconf 85' lang='lat' dir='ltr'>viro</span> <span class='ocrx_word' id='word_1_8' title='bbox 1245 479 1300 537; x_wconf 90' lang='lat' dir='ltr'>d.</span> <span class='ocrx_word' id='word_1_9' title='bbox 1358 478 1598 539; x_wconf 88' lang='lat' dir='ltr'>Schulin</span> <span class='ocrx_word' id='word_1_10' title='bbox 1656 479 1856 542; x_wconf 87' lang='lat' dir='ltr'>adlata</span> <span class='ocrx_word' id='word_1_11' title='bbox 1912 481 2150 554; x_wconf 82' lang='lat' dir='ltr'>Lipsius</span> <span class='ocrx_word' id='word_1_12' title='bbox 2207 480 2392 540; x_wconf 88' lang='lat' dir='ltr'>denuo</span> 
     </span>
     <span class='ocr_line' id='line_1_3' title="bbox 46 569 2393 643; baseline -0.003 -9"><span class='ocrx_word' id='word_1_13' title='bbox 46 572 339 634; x_wconf 85' lang='lat' dir='ltr'>tractavit</span> <span class='ocrx_word' id='word_1_14' title='bbox 381 575 444 629; x_wconf 91' lang='lat' dir='ltr'>et</span> <span class='ocrx_word' id='word_1_15' title='bbox 488 587 638 643; x_wconf 88' lang='lat' dir='ltr'>quae</span> <span class='ocrx_word' id='word_1_16' title='bbox 682 572 806 629; x_wconf 89' lang='lat' dir='ltr'>sint</span> <span class='ocrx_word' id='word_1_17' title='bbox 849 574 1013 628; x_wconf 90' lang='lat' dir='ltr'>certa</span> <span class='ocrx_word' id='word_1_18' title='bbox 1058 584 1206 641; x_wconf 86' lang='lat' dir='ltr'>quae</span> <span class='ocrx_word' id='word_1_19' title='bbox 1251 569 1574 627; x_wconf 80' lang='lat' dir='ltr'>incertiora</span> <span class='ocrx_word' id='word_1_20' title='bbox 1627 570 1960 643; x_wconf 89' lang='lat' dir='ltr'>perpendit;</span> <span class='ocrx_word' id='word_1_21' title='bbox 2019 587 2204 643; x_wconf 88' lang='lat' dir='ltr'>nuper</span> <span class='ocrx_word' id='word_1_22' title='bbox 2260 570 2393 628; x_wconf 88' lang='lat' dir='ltr'>dili-</span> 
     </span>
     <span class='ocr_line' id='line_1_4' title="bbox 46 655 1898 738; baseline -0.003 -16"><span class='ocrx_word' id='word_1_23' title='bbox 46 667 262 738; x_wconf 80' lang='lat' dir='ltr'>genter</span> <span class='ocrx_word' id='word_1_24' title='bbox 305 660 377 719; x_wconf 90' lang='lat' dir='ltr'>de</span> <span class='ocrx_word' id='word_1_25' title='bbox 423 659 637 718; x_wconf 88' lang='lat' dir='ltr'>eisdem</span> <span class='ocrx_word' id='word_1_26' title='bbox 681 660 857 717; x_wconf 86' lang='lat' dir='ltr'>rebus</span> <span class='ocrx_word' id='word_1_27' title='bbox 902 658 1030 730; x_wconf 84' lang='lat' dir='ltr'>egit</span> <span class='ocrx_word' id='word_1_28' title='bbox 1074 657 1376 716; x_wconf 89' lang='lat' dir='ltr'>Beauchet</span> <span class='ocrx_word' id='word_1_29' title='bbox 1413 657 1529 731; x_wconf 89' lang='lat'>111,</span> <span class='ocrx_word' id='word_1_30' title='bbox 1572 660 1694 717; x_wconf 88' lang='grc'>691</span> <span class='ocrx_word' id='word_1_31' title='bbox 1720 655 1898 736; x_wconf 86' lang='lat' dir='ltr'>sqq.¹)</span> 
     </span>
    </p>

    <p class='ocr_par' dir='ltr' id='par_1_3' title="bbox 45 747 2399 1088">
     <span class='ocr_line' id='line_1_5' title="bbox 231 747 2396 823; baseline -0.001 -15"><span class='ocrx_word' id='word_1_32' title='bbox 231 749 453 823; x_wconf 89' lang='lat' dir='ltr'>Omnia,</span> <span class='ocrx_word' id='word_1_33' title='bbox 507 764 656 821; x_wconf 91' lang='lat' dir='ltr'>quae</span> <span class='ocrx_word' id='word_1_34' title='bbox 708 748 802 807; x_wconf 91' lang='lat' dir='ltr'>illi</span> <span class='ocrx_word' id='word_1_35' title='bbox 867 748 1330 822; x_wconf 81' lang='lat' dir='ltr'>explicaverunt,</span> <span class='ocrx_word' id='word_1_36' title='bbox 1393 752 1666 820; x_wconf 88' lang='lat' dir='ltr'>repetere</span> <span class='ocrx_word' id='word_1_37' title='bbox 1714 763 1903 806; x_wconf 88' lang='lat' dir='ltr'>meum</span> <span class='ocrx_word' id='word_1_38' title='bbox 1957 764 2073 805; x_wconf 90' lang='lat' dir='ltr'>non</span> <span class='ocrx_word' id='word_1_39' title='bbox 2129 752 2236 821; x_wconf 90' lang='lat' dir='ltr'>est,</span> <span class='ocrx_word' id='word_1_40' title='bbox 2292 747 2396 807; x_wconf 91' lang='lat' dir='ltr'>sed</span> 
     </span>
     <span class='ocr_line' id='line_1_6' title="bbox 47 836 2396 919; baseline -0.002 -20"><span class='ocrx_word' id='word_1_41' title='bbox 47 843 468 919; x_wconf 86' lang='lat' dir='ltr'>persuaserunt</span> <span class='ocrx_word' id='word_1_42' title='bbox 511 837 656 895; x_wconf 90' lang='lat' dir='ltr'>mihi</span> <span class='ocrx_word' id='word_1_43' title='bbox 701 838 878 897; x_wconf 89' lang='lat' dir='ltr'>etiam</span> <span class='ocrx_word' id='word_1_44' title='bbox 917 836 1326 895; x_wconf 81' lang='lat' dir='ltr'>Demosthenis</span> <span class='ocrx_word' id='word_1_45' title='bbox 1370 837 1727 909; x_wconf 82' lang='lat' dir='ltr'>temporibus</span> <span class='ocrx_word' id='word_1_46' title='bbox 1772 837 2007 895; x_wconf 82' lang='lat' dir='ltr'>licuisse</span> <span class='ocrx_word' id='word_1_47' title='bbox 2053 853 2166 895; x_wconf 92' lang='lat' dir='ltr'>non</span> <span class='ocrx_word' id='word_1_48' title='bbox 2212 838 2396 895; x_wconf 90' lang='lat' dir='ltr'>solum</span> 
     </span>
     <span class='ocr_line' id='line_1_7' title="bbox 46 924 2399 1003; baseline -0.002 -13"><span class='ocrx_word' id='word_1_49' title='bbox 46 934 257 1003; x_wconf 88' lang='lat' dir='ltr'>legare</span> <span class='ocrx_word' id='word_1_50' title='bbox 301 927 605 1001; x_wconf 87' lang='lat' dir='ltr'>pecuniam</span> <span class='ocrx_word' id='word_1_51' title='bbox 654 931 758 984; x_wconf 88' lang='lat' dir='ltr'>aut</span> <span class='ocrx_word' id='word_1_52' title='bbox 801 941 896 984; x_wconf 90' lang='lat' dir='ltr'>res</span> <span class='ocrx_word' id='word_1_53' title='bbox 943 924 1220 997; x_wconf 89' lang='lat' dir='ltr'>quasdam</span> <span class='ocrx_word' id='word_1_54' title='bbox 1258 941 1373 983; x_wconf 90' lang='lat' dir='ltr'>non</span> <span class='ocrx_word' id='word_1_55' title='bbox 1411 926 1710 999; x_wconf 86' lang='lat' dir='ltr'>adoptato,</span> <span class='ocrx_word' id='word_1_56' title='bbox 1776 926 1879 985; x_wconf 88' lang='lat' dir='ltr'>sed</span> <span class='ocrx_word' id='word_1_57' title='bbox 1916 927 2094 986; x_wconf 88' lang='lat' dir='ltr'>etiam</span> <span class='ocrx_word' id='word_1_58' title='bbox 2150 926 2399 999; x_wconf 83' lang='lat' dir='ltr'>aliquem</span> 
     </span>
     <span class='ocr_line' id='line_1_8' title="bbox 45 1014 1523 1088; baseline -0.003 -10"><span class='ocrx_word' id='word_1_59' title='bbox 45 1019 321 1081; x_wconf 87' lang='lat' dir='ltr'>heredem</span> <span class='ocrx_word' id='word_1_60' title='bbox 369 1032 442 1075; x_wconf 85' lang='lat' dir='ltr'>ex</span> <span class='ocrx_word' id='word_1_61' title='bbox 487 1032 618 1074; x_wconf 90' lang='lat' dir='ltr'>asse</span> <span class='ocrx_word' id='word_1_62' title='bbox 664 1016 976 1079; x_wconf 87' lang='lat' dir='ltr'>instituere</span> <span class='ocrx_word' id='word_1_63' title='bbox 1022 1015 1148 1072; x_wconf 89' lang='lat' dir='ltr'>sine</span> <span class='ocrx_word' id='word_1_64' title='bbox 1195 1014 1523 1088; x_wconf 84' lang='lat' dir='ltr'>adoptione.</span> 
     </span>
    </p>

    <p class='ocr_par' dir='ltr' id='par_1_4' title="bbox 47 1102 2403 1347">
     <span class='ocr_line' id='line_1_9' title="bbox 230 1102 2399 1178; baseline -0.002 -12"><span class='ocrx_word' id='word_1_65' title='bbox 230 1107 434 1178; x_wconf 85' lang='lat' dir='ltr'>Neque</span> <span class='ocrx_word' id='word_1_66' title='bbox 469 1104 894 1177; x_wconf 85' lang='lat' dir='ltr'>vituperandus</span> <span class='ocrx_word' id='word_1_67' title='bbox 939 1102 1164 1174; x_wconf 89' lang='lat' dir='ltr'>videar,</span> <span class='ocrx_word' id='word_1_68' title='bbox 1212 1102 1362 1176; x_wconf 89' lang='lat' dir='ltr'>quod</span> <span class='ocrx_word' id='word_1_69' title='bbox 1408 1104 1500 1162; x_wconf 89' lang='lat' dir='ltr'>his</span> <span class='ocrx_word' id='word_1_70' title='bbox 1546 1104 1609 1162; x_wconf 89' lang='lat' dir='ltr'>in</span> <span class='ocrx_word' id='word_1_71' title='bbox 1653 1106 1828 1162; x_wconf 90' lang='lat' dir='ltr'>rebus</span> <span class='ocrx_word' id='word_1_72' title='bbox 1871 1104 2082 1177; x_wconf 84' lang='lat' dir='ltr'>longus</span> <span class='ocrx_word' id='word_1_73' title='bbox 2117 1104 2218 1177; x_wconf 85' lang='lat' dir='ltr'>fui,</span> <span class='ocrx_word' id='word_1_74' title='bbox 2265 1120 2399 1161; x_wconf 87' lang='lat' dir='ltr'>nam</span> 
     </span>
     <span class='ocr_line' id='line_1_10' title="bbox 47 1192 2403 1274; baseline -0.003 -16"><span class='ocrx_word' id='word_1_75' title='bbox 47 1196 253 1269; x_wconf 85' lang='lat' dir='ltr'>magni</span> <span class='ocrx_word' id='word_1_76' title='bbox 305 1200 444 1253; x_wconf 90' lang='lat' dir='ltr'>sunt</span> <span class='ocrx_word' id='word_1_77' title='bbox 506 1193 796 1266; x_wconf 87' lang='lat' dir='ltr'>momenti,</span> <span class='ocrx_word' id='word_1_78' title='bbox 858 1208 989 1251; x_wconf 88' lang='lat' dir='ltr'>cum</span> <span class='ocrx_word' id='word_1_79' title='bbox 1009 1192 1321 1274; x_wconf 37' lang='lat' dir='ltr'>‘iudicium</span> <span class='ocrx_word' id='word_1_80' title='bbox 1374 1192 1785 1266; x_wconf 85' lang='lat' dir='ltr'>proferendum</span> <span class='ocrx_word' id='word_1_81' title='bbox 1840 1199 1931 1251; x_wconf 88' lang='lat' dir='ltr'>est</span> <span class='ocrx_word' id='word_1_82' title='bbox 1977 1194 2049 1252; x_wconf 93' lang='lat' dir='ltr'>de</span> <span class='ocrx_word' id='word_1_83' title='bbox 2094 1193 2403 1267; x_wconf 81' lang='lat' dir='ltr'>Polyeucti</span> 
     </span>
     <span class='ocr_line' id='line_1_11' title="bbox 49 1289 428 1347; baseline -0.016 0"><span class='ocrx_word' id='word_1_84' title='bbox 49 1289 428 1347; x_wconf 81' lang='lat' dir='ltr'>testamento,</span> 
     </span>
    </p>

    <p class='ocr_par' dir='ltr' id='par_1_5' title="bbox 51 1370 2408 1979">
     <span class='ocr_line' id='line_1_12' title="bbox 236 1370 2404 1445; baseline -0.001 -14"><span class='ocrx_word' id='word_1_85' title='bbox 236 1372 511 1444; x_wconf 83' lang='lat' dir='ltr'>Quaestio</span> <span class='ocrx_word' id='word_1_86' title='bbox 555 1371 706 1431; x_wconf 90' lang='lat' dir='ltr'>enim</span> <span class='ocrx_word' id='word_1_87' title='bbox 754 1370 1033 1443; x_wconf 82' lang='lat' dir='ltr'>oboritur,</span> <span class='ocrx_word' id='word_1_88' title='bbox 1090 1377 1285 1430; x_wconf 90' lang='lat' dir='ltr'>utrum</span> <span class='ocrx_word' id='word_1_89' title='bbox 1334 1371 1691 1445; x_wconf 86' lang='lat' dir='ltr'>Polyeuctus</span> <span class='ocrx_word' id='word_1_90' title='bbox 1745 1376 2095 1430; x_wconf 88' lang='lat' dir='ltr'>testamento</span> <span class='ocrx_word' id='word_1_91' title='bbox 2150 1370 2404 1445; x_wconf 86' lang='lat' dir='ltr'>Spudiae</span> 
     </span>
     <span class='ocr_line' id='line_1_13' title="bbox 51 1455 2405 1543; baseline -0.004 -17"><span class='ocrx_word' id='word_1_92' title='bbox 51 1471 118 1527; x_wconf 89' lang='lat' dir='ltr'>et</span> <span class='ocrx_word' id='word_1_93' title='bbox 165 1462 352 1525; x_wconf 84' lang='lat' dir='ltr'>actori</span> <span class='ocrx_word' id='word_1_94' title='bbox 397 1461 548 1519; x_wconf 88' lang='lat' dir='ltr'>filias</span> <span class='ocrx_word' id='word_1_95' title='bbox 583 1466 816 1519; x_wconf 89' lang='lat' dir='ltr'>tantum</span> <span class='ocrx_word' id='word_1_96' title='bbox 862 1460 1179 1519; x_wconf 89' lang='lat' dir='ltr'>tradiderit</span> <span class='ocrx_word' id='word_1_97' title='bbox 1231 1461 1352 1533; x_wconf 90' lang='lat' dir='ltr'>ita,</span> <span class='ocrx_word' id='word_1_98' title='bbox 1408 1467 1475 1518; x_wconf 92' lang='lat' dir='ltr'>ut</span> <span class='ocrx_word' id='word_1_99' title='bbox 1531 1460 1671 1519; x_wconf 90' lang='lat' dir='ltr'>illae</span> <span class='ocrx_word' id='word_1_100' title='bbox 1728 1455 2072 1543; x_wconf 81' lang='grc' dir='ltr'><em>ἕπίκληροι</em></span> <span class='ocrx_word' id='word_1_101' title='bbox 2127 1461 2270 1533; x_wconf 88' lang='lat' dir='ltr'>sint,</span> <span class='ocrx_word' id='word_1_102' title='bbox 2328 1477 2405 1518; x_wconf 89' lang='lat' dir='ltr'>an</span> 
     </span>
     <span class='ocr_line' id='line_1_14' title="bbox 51 1549 2404 1629; baseline -0.003 -16"><span class='ocrx_word' id='word_1_103' title='bbox 51 1553 292 1629; x_wconf 85' lang='lat' dir='ltr'>generis</span> <span class='ocrx_word' id='word_1_104' title='bbox 337 1550 489 1608; x_wconf 86' lang='lat' dir='ltr'>filias</span> <span class='ocrx_word' id='word_1_105' title='bbox 535 1556 596 1609; x_wconf 90' lang='lat' dir='ltr'>et</span> <span class='ocrx_word' id='word_1_106' title='bbox 639 1551 793 1609; x_wconf 87' lang='lat' dir='ltr'>bona</span> <span class='ocrx_word' id='word_1_107' title='bbox 835 1549 926 1607; x_wconf 86' lang='lat' dir='ltr'>ita</span> <span class='ocrx_word' id='word_1_108' title='bbox 970 1549 1289 1625; x_wconf 85' lang='lat' dir='ltr'>scripserit,</span> <span class='ocrx_word' id='word_1_109' title='bbox 1335 1554 1403 1607; x_wconf 91' lang='lat' dir='ltr'>ut</span> <span class='ocrx_word' id='word_1_110' title='bbox 1448 1551 1648 1607; x_wconf 87' lang='lat' dir='ltr'>ambos</span> <span class='ocrx_word' id='word_1_111' title='bbox 1702 1550 1827 1609; x_wconf 88' lang='lat' dir='ltr'>sine</span> <span class='ocrx_word' id='word_1_112' title='bbox 1884 1549 2194 1623; x_wconf 86' lang='lat' dir='ltr'>adoptione</span> <span class='ocrx_word' id='word_1_113' title='bbox 2239 1550 2404 1608; x_wconf 89' lang='lat' dir='ltr'>insti·</span> 
     </span>
     <span class='ocr_line' id='line_1_15' title="bbox 53 1633 2404 1723; baseline -0.003 -21"><span class='ocrx_word' id='word_1_114' title='bbox 53 1642 244 1703; x_wconf 84' lang='lat' dir='ltr'>tuerit</span> <span class='ocrx_word' id='word_1_115' title='bbox 306 1640 568 1714; x_wconf 90' lang='lat' dir='ltr'>heredes,</span> <span class='ocrx_word' id='word_1_116' title='bbox 631 1639 732 1712; x_wconf 90' lang='lat' dir='ltr'>qui</span> <span class='ocrx_word' id='word_1_117' title='bbox 795 1638 1014 1697; x_wconf 91' lang='lat' dir='ltr'>domini</span> <span class='ocrx_word' id='word_1_118' title='bbox 1077 1644 1274 1697; x_wconf 86' lang='lat' dir='ltr'>essent</span> <span class='ocrx_word' id='word_1_119' title='bbox 1326 1640 1605 1696; x_wconf 86' lang='lat' dir='ltr'>bonorum</span> <span class='ocrx_word' id='word_1_120' title='bbox 1659 1655 1844 1712; x_wconf 89' lang='lat' dir='ltr'>neque</span> <span class='ocrx_word' id='word_1_121' title='bbox 1902 1633 2292 1723; x_wconf 75' lang='grc' dir='ltr'><strong><em>ἐπικλήρους</em></strong></span> <span class='ocrx_word' id='word_1_122' title='bbox 2344 1638 2404 1695; x_wconf 90' lang='lat' dir='ltr'>in</span> 
     </span>
     <span class='ocr_line' id='line_1_16' title="bbox 51 1727 2408 1801; baseline -0.003 -9"><span class='ocrx_word' id='word_1_123' title='bbox 51 1730 427 1792; x_wconf 89' lang='lat' dir='ltr'>matrimonio</span> <span class='ocrx_word' id='word_1_124' title='bbox 474 1729 779 1789; x_wconf 87' lang='lat' dir='ltr'>haberent.</span> <span class='ocrx_word' id='word_1_125' title='bbox 863 1729 1059 1800; x_wconf 88' lang='lat' dir='ltr'>Atque</span> <span class='ocrx_word' id='word_1_126' title='bbox 1105 1728 1204 1800; x_wconf 90' lang='lat' dir='ltr'>qui</span> <span class='ocrx_word' id='word_1_127' title='bbox 1248 1728 1420 1786; x_wconf 86' lang='lat' dir='ltr'>huius</span> <span class='ocrx_word' id='word_1_128' title='bbox 1466 1727 1751 1786; x_wconf 86' lang='lat' dir='ltr'>orationis</span> <span class='ocrx_word' id='word_1_129' title='bbox 1796 1733 2205 1801; x_wconf 86' lang='lat' dir='ltr'>argumentum</span> <span class='ocrx_word' id='word_1_130' title='bbox 2242 1744 2408 1785; x_wconf 89' lang='lat' dir='ltr'>enar-</span> 
     </span>
     <span class='ocr_line' id='line_1_17' title="bbox 56 1816 2408 1891; baseline -0.003 -10"><span class='ocrx_word' id='word_1_131' title='bbox 56 1823 364 1891; x_wconf 87' lang='lat' dir='ltr'>raverunt,</span> <span class='ocrx_word' id='word_1_132' title='bbox 412 1822 692 1890; x_wconf 87' lang='lat' dir='ltr'>quantum</span> <span class='ocrx_word' id='word_1_133' title='bbox 739 1816 969 1889; x_wconf 89' lang='lat' dir='ltr'>quidem</span> <span class='ocrx_word' id='word_1_134' title='bbox 1014 1816 1090 1875; x_wconf 87' lang='lat' dir='ltr'>ad</span> <span class='ocrx_word' id='word_1_135' title='bbox 1144 1817 1296 1875; x_wconf 90' lang='lat' dir='ltr'>hanc</span> <span class='ocrx_word' id='word_1_136' title='bbox 1352 1816 1749 1889; x_wconf 90' lang='lat' dir='ltr'>quaestionem</span> <span class='ocrx_word' id='word_1_137' title='bbox 1806 1821 2199 1888; x_wconf 86' lang='lat' dir='ltr'>accesserunt,</span> <span class='ocrx_word' id='word_1_138' title='bbox 2254 1816 2408 1874; x_wconf 86' lang='lat' dir='ltr'>filias</span> 
     </span>
     <span class='ocr_line' id='line_1_18' title="bbox 57 1906 1593 1979; baseline -0.003 -9"><span class='ocrx_word' id='word_1_139' title='bbox 57 1927 187 1971; x_wconf 89' lang='lat' dir='ltr'>esse</span> <span class='ocrx_word' id='word_1_140' title='bbox 232 1906 626 1966; x_wconf 87' lang='lat' dir='ltr'>hereditarias</span> <span class='ocrx_word' id='word_1_141' title='bbox 681 1906 905 1979; x_wconf 87' lang='lat' dir='ltr'>opinati</span> <span class='ocrx_word' id='word_1_142' title='bbox 962 1910 1593 1967; x_wconf 86' lang='lat' dir='ltr'>sunt..</span> 
     </span>
    </p>

    <p class='ocr_par' dir='ltr' id='par_1_6' title="bbox 51 1986 2421 3938">
     <span class='ocr_line' id='line_1_19' title="bbox 241 1986 2409 2073; baseline 0 -20"><span class='ocrx_word' id='word_1_143' title='bbox 241 1996 422 2054; x_wconf 83' lang='lat' dir='ltr'>Velut</span> <span class='ocrx_word' id='word_1_144' title='bbox 477 1995 760 2054; x_wconf 86' lang='lat' dir='ltr'>Libanius</span> <span class='ocrx_word' id='word_1_145' title='bbox 803 1996 868 2054; x_wconf 88' lang='lat' dir='ltr'>in</span> <span class='ocrx_word' id='word_1_146' title='bbox 913 1996 1192 2054; x_wconf 88' lang='lat' dir='ltr'>orationis</span> <span class='ocrx_word' id='word_1_147' title='bbox 1246 1992 1596 2056; x_wconf 68' lang='grc' dir='ltr'><strong><em>ὖποθέσειῑ</em></strong></span> <span class='ocrx_word' id='word_1_148' title='bbox 1650 1994 1725 2071; x_wconf 81' lang='grc' dir='ltr'>,,ὅ</span> <span class='ocrx_word' id='word_1_149' title='bbox 1762 1992 1889 2073; x_wconf 80' lang='grc' dir='ltr'>μὲν</span> <span class='ocrx_word' id='word_1_150' title='bbox 1926 1986 2044 2055; x_wconf 78' lang='grc' dir='ltr'>οὗν</span> <span class='ocrx_word' id='word_1_151' title='bbox 2080 1990 2409 2056; x_wconf 84' lang='grc' dir='ltr'><strong><em>Πολύευκ·</em></strong></span> 
     </span>
     <span class='ocr_line' id='line_1_20' title="bbox 65 2076 2401 2170; baseline -0.003 -22"><span class='ocrx_word' id='word_1_152' title='bbox 65 2105 178 2155; x_wconf 89' lang='grc' dir='ltr'>τος</span> <span class='ocrx_word' id='word_1_153' title='bbox 216 2080 600 2166; x_wconf 80' lang='grc' dir='ltr'><strong><em>ἐτελεύτησε</em></strong></span> <span class='ocrx_word' id='word_1_154' title='bbox 638 2089 779 2151; x_wconf 87' lang='grc' dir='ltr'><strong><em>ταῖς</em></strong></span> <span class='ocrx_word' id='word_1_155' title='bbox 814 2083 1181 2163; x_wconf 78' lang='grc' dir='ltr'><strong><em>θυγατράσι</em></strong></span> <span class='ocrx_word' id='word_1_156' title='bbox 1217 2077 1601 2145; x_wconf 77' lang='grc' dir='ltr'><strong><em>καταλιπών</em></strong></span> <span class='ocrx_word' id='word_1_157' title='bbox 1648 2082 1765 2144; x_wconf 83' lang='grc' dir='ltr'>τὸν</span> <span class='ocrx_word' id='word_1_158' title='bbox 1809 2081 2050 2170; x_wconf 83' lang='grc' dir='ltr'><em>κλῆρον</em></span> <span class='ocrx_word' id='word_1_159' title='bbox 2088 2076 2157 2153; x_wconf 74' lang='grc' dir='ltr'>ἐξ</span> <span class='ocrx_word' id='word_1_160' title='bbox 2203 2077 2401 2143; x_wconf 81' lang='grc' dir='ltr'><strong>ἴσου.“</strong></span> 
     </span>
     <span class='ocr_line' id='line_1_21' title="bbox 64 2172 2413 2246; baseline -0.002 -11"><span class='ocrx_word' id='word_1_161' title='bbox 64 2177 245 2235; x_wconf 86' lang='lat' dir='ltr'>Cuius</span> <span class='ocrx_word' id='word_1_162' title='bbox 299 2174 650 2233; x_wconf 86' lang='lat' dir='ltr'>sententiam</span> <span class='ocrx_word' id='word_1_163' title='bbox 707 2178 942 2231; x_wconf 87' lang='lat' dir='ltr'>secutus</span> <span class='ocrx_word' id='word_1_164' title='bbox 997 2179 1090 2233; x_wconf 89' lang='lat' dir='ltr'>est</span> <span class='ocrx_word' id='word_1_165' title='bbox 1143 2172 1422 2232; x_wconf 85' lang='lat' dir='ltr'>Schaefer</span> <span class='ocrx_word' id='word_1_166' title='bbox 1482 2173 1523 2235; x_wconf 92' lang='lat' dir='ltr'>l.</span> <span class='ocrx_word' id='word_1_167' title='bbox 1578 2190 1624 2231; x_wconf 89' lang='lat' dir='ltr'>s.</span> <span class='ocrx_word' id='word_1_168' title='bbox 1680 2172 1779 2231; x_wconf 91' lang='lat' dir='ltr'>III</span> <span class='ocrx_word' id='word_1_169' title='bbox 1815 2174 1865 2231; x_wconf 93' lang='lat' dir='ltr'><strong>B</strong></span> <span class='ocrx_word' id='word_1_170' title='bbox 1920 2191 1975 2246; x_wconf 88' lang='lat' dir='ltr'>p.</span> <span class='ocrx_word' id='word_1_171' title='bbox 2034 2176 2156 2232; x_wconf 82' lang='lat'>227</span> <span class='ocrx_word' id='word_1_172' title='bbox 2173 2192 2188 2230; x_wconf 76' lang='lat'>2</span> <span class='ocrx_word' id='word_1_173' title='bbox 2263 2172 2413 2245; x_wconf 91' lang='lat' dir='ltr'>„Die</span> 
     </span>
     <span class='ocr_line' id='line_1_22' title="bbox 61 2262 2412 2335; baseline -0 -12"><span class='ocrx_word' id='word_1_174' title='bbox 61 2263 678 2323; x_wconf 87' lang='lat' dir='ltr'>Hinterlassenschaft</span> <span class='ocrx_word' id='word_1_175' title='bbox 713 2262 884 2320; x_wconf 85' lang='lat' dir='ltr'>sollte</span> <span class='ocrx_word' id='word_1_176' title='bbox 921 2279 996 2319; x_wconf 92' lang='lat' dir='ltr'>zu</span> <span class='ocrx_word' id='word_1_177' title='bbox 1032 2263 1301 2335; x_wconf 89' lang='lat' dir='ltr'>gleichen</span> <span class='ocrx_word' id='word_1_178' title='bbox 1328 2262 1533 2321; x_wconf 85' lang='lat' dir='ltr'>Teilen</span> <span class='ocrx_word' id='word_1_179' title='bbox 1571 2279 1647 2319; x_wconf 91' lang='lat' dir='ltr'>an</span> <span class='ocrx_word' id='word_1_180' title='bbox 1683 2262 1777 2321; x_wconf 92' lang='lat' dir='ltr'>die</span> <span class='ocrx_word' id='word_1_181' title='bbox 1805 2262 2061 2321; x_wconf 73' lang='lat' dir='ltr'>&#39;Richter</span> <span class='ocrx_word' id='word_1_182' title='bbox 2085 2262 2412 2322; x_wconf 86' lang='lat' dir='ltr'>kommen“.</span> 
     </span>
     <span class='ocr_line' id='line_1_23' title="bbox 67 2350 2414 2429; baseline -0.001 -18"><span class='ocrx_word' id='word_1_183' title='bbox 67 2352 345 2425; x_wconf 91' lang='lat' dir='ltr'>Idemque</span> <span class='ocrx_word' id='word_1_184' title='bbox 409 2368 481 2410; x_wconf 86' lang='lat' dir='ltr'>ex</span> <span class='ocrx_word' id='word_1_185' title='bbox 544 2351 810 2412; x_wconf 87' lang='lat' dir='ltr'>Schulini</span> <span class='ocrx_word' id='word_1_186' title='bbox 872 2352 1069 2411; x_wconf 85' lang='lat' dir='ltr'>verbis</span> <span class='ocrx_word' id='word_1_187' title='bbox 1132 2351 1408 2409; x_wconf 83' lang='lat' dir='ltr'>efficitur:</span> <span class='ocrx_word' id='word_1_188' title='bbox 1484 2351 1899 2429; x_wconf 84' lang='lat' dir='ltr'>„Testamente</span> <span class='ocrx_word' id='word_1_189' title='bbox 1961 2352 2109 2410; x_wconf 89' lang='lat' dir='ltr'>ohne</span> <span class='ocrx_word' id='word_1_190' title='bbox 2171 2350 2414 2408; x_wconf 88' lang='lat' dir='ltr'>Erbein-</span> 
     </span>
     <span class='ocr_line' id='line_1_24' title="bbox 69 2439 2415 2515; baseline -0.001 -16"><span class='ocrx_word' id='word_1_191' title='bbox 69 2448 322 2514; x_wconf 83' lang='lat' dir='ltr'>setzung</span> <span class='ocrx_word' id='word_1_192' title='bbox 367 2442 725 2500; x_wconf 85' lang='lat' dir='ltr'>errichteten</span> <span class='ocrx_word' id='word_1_193' title='bbox 768 2440 931 2499; x_wconf 90' lang='lat' dir='ltr'>nicht</span> <span class='ocrx_word' id='word_1_194' title='bbox 975 2457 1087 2499; x_wconf 90' lang='lat' dir='ltr'>nur</span> <span class='ocrx_word' id='word_1_195' title='bbox 1131 2439 1489 2515; x_wconf 77' lang='lat' dir='ltr'>dieJenigen,</span> <span class='ocrx_word' id='word_1_196' title='bbox 1546 2441 1767 2501; x_wconf 85' lang='lat' dir='ltr'>welche</span> <span class='ocrx_word' id='word_1_197' title='bbox 1819 2441 1995 2500; x_wconf 89' lang='lat' dir='ltr'>keine</span> <span class='ocrx_word' id='word_1_198' title='bbox 2041 2440 2415 2499; x_wconf 85' lang='lat' dir='ltr'>Testamente</span> 
     </span>
     <span class='ocr_line' id='line_1_25' title="bbox 67 2529 2415 2602; baseline -0.001 -13"><span class='ocrx_word' id='word_1_199' title='bbox 67 2533 178 2589; x_wconf 91' lang='lat' dir='ltr'>mit</span> <span class='ocrx_word' id='word_1_200' title='bbox 222 2531 694 2601; x_wconf 85' lang='lat' dir='ltr'>Erbeinsetzung</span> <span class='ocrx_word' id='word_1_201' title='bbox 731 2530 1028 2588; x_wconf 88' lang='lat' dir='ltr'>errichten</span> <span class='ocrx_word' id='word_1_202' title='bbox 1071 2530 1348 2602; x_wconf 83' lang='lat' dir='ltr'>konnten,</span> <span class='ocrx_word' id='word_1_203' title='bbox 1387 2529 1639 2588; x_wconf 86' lang='lat' dir='ltr'>sondern</span> <span class='ocrx_word' id='word_1_204' title='bbox 1693 2530 1842 2588; x_wconf 86' lang='lat' dir='ltr'>auch</span> <span class='ocrx_word' id='word_1_205' title='bbox 1897 2531 2138 2601; x_wconf 91' lang='lat' dir='ltr'>andere,</span> <span class='ocrx_word' id='word_1_206' title='bbox 2195 2529 2415 2588; x_wconf 86' lang='lat' dir='ltr'>welche</span> 
     </span>
     <span class='ocr_line' id='line_1_26' title="bbox 68 2617 2417 2692; baseline -0 -16"><span class='ocrx_word' id='word_1_207' title='bbox 68 2619 166 2678; x_wconf 89' lang='lat' dir='ltr'>die</span> <span class='ocrx_word' id='word_1_208' title='bbox 219 2620 741 2692; x_wconf 86' lang='lat' dir='ltr'>Intestaterbfolge</span> <span class='ocrx_word' id='word_1_209' title='bbox 795 2619 960 2677; x_wconf 90' lang='lat' dir='ltr'>nicht</span> <span class='ocrx_word' id='word_1_210' title='bbox 1013 2618 1435 2691; x_wconf 86' lang='lat' dir='ltr'>ausschliessen‚</span> <span class='ocrx_word' id='word_1_211' title='bbox 1492 2621 1638 2677; x_wconf 90' lang='lat' dir='ltr'>aber</span> <span class='ocrx_word' id='word_1_212' title='bbox 1681 2620 1930 2690; x_wconf 84' lang='lat' dir='ltr'>gewisse</span> <span class='ocrx_word' id='word_1_213' title='bbox 1986 2617 2417 2689; x_wconf 83' lang='lat' dir='ltr'>Verfiigungen</span> 
     </span>
     <span class='ocr_line' id='line_1_27' title="bbox 65 2706 2417 2779; baseline 0 -16"><span class='ocrx_word' id='word_1_214' title='bbox 65 2706 171 2764; x_wconf 84' lang='lat' dir='ltr'>fiir</span> <span class='ocrx_word' id='word_1_215' title='bbox 217 2707 330 2765; x_wconf 89' lang='lat' dir='ltr'>den</span> <span class='ocrx_word' id='word_1_216' title='bbox 374 2706 675 2766; x_wconf 85' lang='lat' dir='ltr'>&#39;I&#39;odesfall</span> <span class='ocrx_word' id='word_1_217' title='bbox 719 2707 926 2765; x_wconf 86' lang='lat' dir='ltr'>treffen</span> <span class='ocrx_word' id='word_1_218' title='bbox 971 2708 1227 2769; x_wconf 85' lang='lat' dir='ltr'>wollten.</span> <span class='ocrx_word' id='word_1_219' title='bbox 1315 2707 1575 2766; x_wconf 89' lang='lat' dir='ltr'>Hierher</span> <span class='ocrx_word' id='word_1_220' title='bbox 1618 2709 1830 2779; x_wconf 71' lang='lat' dir='ltr'>gehort</span> <span class='ocrx_word' id='word_1_221' title='bbox 1873 2708 2047 2766; x_wconf 89' lang='lat' dir='ltr'>allem</span> <span class='ocrx_word' id='word_1_222' title='bbox 2085 2707 2417 2765; x_wconf 84' lang='lat' dir='ltr'>Anscheine</span> 
     </span>
     <span class='ocr_line' id='line_1_28' title="bbox 63 2794 2417 2870; baseline 0.001 -19"><span class='ocrx_word' id='word_1_223' title='bbox 63 2795 223 2852; x_wconf 86' lang='lat' dir='ltr'>nach</span> <span class='ocrx_word' id='word_1_224' title='bbox 268 2794 374 2852; x_wconf 87' lang='lat' dir='ltr'>das</span> <span class='ocrx_word' id='word_1_225' title='bbox 426 2812 542 2854; x_wconf 80' lang='lat' dir='ltr'>von</span> <span class='ocrx_word' id='word_1_226' title='bbox 586 2797 1006 2855; x_wconf 84' lang='lat' dir='ltr'>Demosthenes</span> <span class='ocrx_word' id='word_1_227' title='bbox 1060 2798 1124 2855; x_wconf 92' lang='lat' dir='ltr'>in</span> <span class='ocrx_word' id='word_1_228' title='bbox 1179 2796 1282 2855; x_wconf 91' lang='lat' dir='ltr'>der</span> <span class='ocrx_word' id='word_1_229' title='bbox 1335 2796 1500 2854; x_wconf 88' lang='lat' dir='ltr'>Rede</span> <span class='ocrx_word' id='word_1_230' title='bbox 1556 2813 1748 2869; x_wconf 85' lang='lat' dir='ltr'>gegen</span> <span class='ocrx_word' id='word_1_231' title='bbox 1806 2795 2057 2870; x_wconf 88' lang='lat' dir='ltr'>Spudias</span> <span class='ocrx_word' id='word_1_232' title='bbox 2112 2797 2417 2853; x_wconf 74' lang='lat' dir='ltr'>erwahnte</span> 
     </span>
     <span class='ocr_line' id='line_1_29' title="bbox 62 2882 2417 2957; baseline 0 -18"><span class='ocrx_word' id='word_1_233' title='bbox 62 2882 415 2941; x_wconf 87' lang='lat' dir='ltr'>Testament</span> <span class='ocrx_word' id='word_1_234' title='bbox 461 2883 562 2941; x_wconf 93' lang='lat' dir='ltr'>des</span> <span class='ocrx_word' id='word_1_235' title='bbox 606 2884 1027 2957; x_wconf 87' lang='lat' dir='ltr'>Polyeuktos“‚</span> <span class='ocrx_word' id='word_1_236' title='bbox 1071 2903 1128 2957; x_wconf 89' lang='lat' dir='ltr'>p.</span> <span class='ocrx_word' id='word_1_237' title='bbox 1178 2887 1280 2945; x_wconf 81' lang='lat'>29.</span> <span class='ocrx_word' id='word_1_238' title='bbox 1370 2885 1520 2943; x_wconf 85' lang='lat' dir='ltr'>Tam</span> <span class='ocrx_word' id='word_1_239' title='bbox 1564 2885 1892 2955; x_wconf 84' lang='lat' dir='ltr'>singularia</span> <span class='ocrx_word' id='word_1_240' title='bbox 1948 2890 2141 2941; x_wconf 86' lang='lat' dir='ltr'>autem</span> <span class='ocrx_word' id='word_1_241' title='bbox 2198 2884 2270 2941; x_wconf 92' lang='lat' dir='ltr'>de</span> <span class='ocrx_word' id='word_1_242' title='bbox 2322 2884 2417 2941; x_wconf 87' lang='lat' dir='ltr'>his</span> 
     </span>
     <span class='ocr_line' id='line_1_30' title="bbox 59 2971 2419 3045; baseline 0 -17"><span class='ocrx_word' id='word_1_243' title='bbox 59 2973 246 3029; x_wconf 83' lang='lat' dir='ltr'>rebus</span> <span class='ocrx_word' id='word_1_244' title='bbox 291 2972 539 3045; x_wconf 90' lang='lat' dir='ltr'>protulit</span> <span class='ocrx_word' id='word_1_245' title='bbox 581 2972 834 3030; x_wconf 89' lang='lat' dir='ltr'>Dareste</span> <span class='ocrx_word' id='word_1_246' title='bbox 878 2971 1056 3044; x_wconf 89' lang='lat' dir='ltr'>plaid.</span> <span class='ocrx_word' id='word_1_247' title='bbox 1094 2972 1207 3032; x_wconf 86' lang='lat' dir='ltr'>civ.</span> <span class='ocrx_word' id='word_1_248' title='bbox 1242 2972 1275 3029; x_wconf 95' lang='lat' dir='ltr'>I</span> <span class='ocrx_word' id='word_1_249' title='bbox 1318 2975 1462 3043; x_wconf 83' lang='lat'>152,</span> <span class='ocrx_word' id='word_1_250' title='bbox 1507 2977 1578 3029; x_wconf 92' lang='lat' dir='ltr'>ut</span> <span class='ocrx_word' id='word_1_251' title='bbox 1620 2972 1816 3031; x_wconf 88' lang='lat' dir='ltr'>facere</span> <span class='ocrx_word' id='word_1_252' title='bbox 1852 2989 1966 3030; x_wconf 91' lang='lat' dir='ltr'>non</span> <span class='ocrx_word' id='word_1_253' title='bbox 2001 2971 2230 3044; x_wconf 87' lang='lat' dir='ltr'>possim,</span> <span class='ocrx_word' id='word_1_254' title='bbox 2279 2972 2419 3044; x_wconf 87' lang='lat' dir='ltr'>quin</span> 
     </span>
     <span class='ocr_line' id='line_1_31' title="bbox 57 3056 2420 3134; baseline 0 -18"><span class='ocrx_word' id='word_1_255' title='bbox 57 3060 198 3117; x_wconf 89' lang='lat' dir='ltr'>eius</span> <span class='ocrx_word' id='word_1_256' title='bbox 260 3076 486 3132; x_wconf 88' lang='lat' dir='ltr'>quoque</span> <span class='ocrx_word' id='word_1_257' title='bbox 549 3062 736 3121; x_wconf 83' lang='lat' dir='ltr'>verba</span> <span class='ocrx_word' id='word_1_258' title='bbox 797 3060 1145 3119; x_wconf 85' lang='lat' dir='ltr'>exscribam:</span> <span class='ocrx_word' id='word_1_259' title='bbox 1218 3056 1530 3134; x_wconf 87' lang='lat' dir='ltr'>„L&#39;action</span> <span class='ocrx_word' id='word_1_260' title='bbox 1574 3077 1687 3133; x_wconf 90' lang='lat' dir='ltr'>que</span> <span class='ocrx_word' id='word_1_261' title='bbox 1733 3059 2011 3119; x_wconf 89' lang='lat' dir='ltr'>l’orateur</span> <span class='ocrx_word' id='word_1_262' title='bbox 2054 3062 2282 3119; x_wconf 89' lang='lat' dir='ltr'>intente</span> <span class='ocrx_word' id='word_1_263' title='bbox 2329 3066 2420 3119; x_wconf 86' lang='lat' dir='ltr'>est</span> 
     </span>
     <span class='ocr_line' id='line_1_32' title="bbox 51 3144 2419 3223; baseline -0 -16"><span class='ocrx_word' id='word_1_264' title='bbox 51 3149 308 3207; x_wconf 86' lang='lat' dir='ltr'>l&#39;action</span> <span class='ocrx_word' id='word_1_265' title='bbox 354 3149 426 3207; x_wconf 87' lang='lat' dir='ltr'>de</span> <span class='ocrx_word' id='word_1_266' title='bbox 471 3147 589 3208; x_wconf 90' lang='lat' dir='ltr'>dot.</span> <span class='ocrx_word' id='word_1_267' title='bbox 679 3149 796 3207; x_wconf 86' lang='lat' dir='ltr'>Les</span> <span class='ocrx_word' id='word_1_268' title='bbox 839 3150 989 3208; x_wconf 87' lang='lat' dir='ltr'>filles</span> <span class='ocrx_word' id='word_1_269' title='bbox 1043 3150 1080 3206; x_wconf 77' lang='lat' dir='ltr'>a</span> <span class='ocrx_word' id='word_1_270' title='bbox 1132 3149 1395 3209; x_wconf 79' lang='lat' dir='ltr'>Athenes</span> <span class='ocrx_word' id='word_1_271' title='bbox 1448 3144 1733 3209; x_wconf 81' lang='lat' dir='ltr'>n’etaient</span> <span class='ocrx_word' id='word_1_272' title='bbox 1787 3167 1911 3223; x_wconf 75' lang='lat' dir='ltr'>paS,</span> <span class='ocrx_word' id='word_1_273' title='bbox 1967 3152 2005 3208; x_wconf 78' lang='lat' dir='ltr'>a</span> <span class='ocrx_word' id='word_1_274' title='bbox 2050 3157 2419 3223; x_wconf 90' lang='lat' dir='ltr'>proprement</span> 
     </span>
     <span class='ocr_line' id='line_1_33' title="bbox 55 3238 2417 3313; baseline 0 -18"><span class='ocrx_word' id='word_1_275' title='bbox 55 3239 286 3311; x_wconf 85' lang='lat' dir='ltr'>parler,</span> <span class='ocrx_word' id='word_1_276' title='bbox 323 3238 651 3301; x_wconf 75' lang='lat' dir='ltr'>heritiereS.</span> <span class='ocrx_word' id='word_1_277' title='bbox 741 3238 906 3297; x_wconf 85' lang='lat' dir='ltr'>Elles</span> <span class='ocrx_word' id='word_1_278' title='bbox 950 3240 1289 3298; x_wconf 89' lang='lat' dir='ltr'>recevaient</span> <span class='ocrx_word' id='word_1_279' title='bbox 1334 3238 1435 3297; x_wconf 90' lang='lat' dir='ltr'>des</span> <span class='ocrx_word' id='word_1_280' title='bbox 1481 3238 1631 3313; x_wconf 90' lang='lat' dir='ltr'>dots,</span> <span class='ocrx_word' id='word_1_281' title='bbox 1679 3244 1741 3298; x_wconf 89' lang='lat' dir='ltr'>et</span> <span class='ocrx_word' id='word_1_282' title='bbox 1785 3256 1895 3313; x_wconf 86' lang='lat' dir='ltr'>par</span> <span class='ocrx_word' id='word_1_283' title='bbox 1930 3255 1995 3297; x_wconf 90' lang='lat' dir='ltr'>ce</span> <span class='ocrx_word' id='word_1_284' title='bbox 2031 3256 2238 3312; x_wconf 81' lang='lat' dir='ltr'>moyen</span> <span class='ocrx_word' id='word_1_285' title='bbox 2275 3239 2417 3297; x_wconf 89' lang='lat' dir='ltr'>elles</span> 
     </span>
     <span class='ocr_line' id='line_1_34' title="bbox 59 3327 2418 3403; baseline -0 -18"><span class='ocrx_word' id='word_1_286' title='bbox 59 3327 373 3386; x_wconf 86' lang='lat' dir='ltr'>n’avaient</span> <span class='ocrx_word' id='word_1_287' title='bbox 415 3328 545 3386; x_wconf 90' lang='lat' dir='ltr'>rien</span> <span class='ocrx_word' id='word_1_288' title='bbox 583 3330 619 3386; x_wconf 80' lang='lat' dir='ltr'>a</span> <span class='ocrx_word' id='word_1_289' title='bbox 655 3328 968 3401; x_wconf 78' lang='lat' dir='ltr'>pretendre</span> <span class='ocrx_word' id='word_1_290' title='bbox 1005 3344 1108 3386; x_wconf 88' lang='lat' dir='ltr'>sur</span> <span class='ocrx_word' id='word_1_291' title='bbox 1142 3329 1204 3386; x_wconf 92' lang='lat' dir='ltr'>la</span> <span class='ocrx_word' id='word_1_292' title='bbox 1240 3329 1567 3387; x_wconf 89' lang='lat' dir='ltr'>succession</span> <span class='ocrx_word' id='word_1_293' title='bbox 1614 3328 1686 3387; x_wconf 89' lang='lat' dir='ltr'>de</span> <span class='ocrx_word' id='word_1_294' title='bbox 1729 3329 1891 3387; x_wconf 89' lang='lat' dir='ltr'>leurs</span> <span class='ocrx_word' id='word_1_295' title='bbox 1926 3332 2189 3403; x_wconf 89' lang='lat' dir='ltr'>parents.</span> <span class='ocrx_word' id='word_1_296' title='bbox 2255 3328 2418 3386; x_wconf 90' lang='lat' dir='ltr'>Dans</span> 
     </span>
     <span class='ocr_line' id='line_1_35' title="bbox 61 3416 2419 3491; baseline 0 -17"><span class='ocrx_word' id='word_1_297' title='bbox 61 3418 122 3474; x_wconf 94' lang='lat' dir='ltr'>le</span> <span class='ocrx_word' id='word_1_298' title='bbox 170 3432 270 3475; x_wconf 87' lang='lat' dir='ltr'>cas</span> <span class='ocrx_word' id='word_1_299' title='bbox 315 3416 499 3475; x_wconf 77' lang='lat' dir='ltr'>meme</span> <span class='ocrx_word' id='word_1_300' title='bbox 546 3416 618 3474; x_wconf 81' lang='lat' dir='ltr'>ou</span> <span class='ocrx_word' id='word_1_301' title='bbox 663 3417 709 3475; x_wconf 93' lang='lat' dir='ltr'>il</span> <span class='ocrx_word' id='word_1_302' title='bbox 753 3417 854 3490; x_wconf 81' lang='lat' dir='ltr'>n’y</span> <span class='ocrx_word' id='word_1_303' title='bbox 901 3418 1067 3476; x_wconf 85' lang='lat' dir='ltr'>avait</span> <span class='ocrx_word' id='word_1_304' title='bbox 1111 3433 1218 3491; x_wconf 89' lang='lat' dir='ltr'>pas</span> <span class='ocrx_word' id='word_1_305' title='bbox 1265 3417 1337 3475; x_wconf 92' lang='lat' dir='ltr'>de</span> <span class='ocrx_word' id='word_1_306' title='bbox 1380 3418 1490 3491; x_wconf 86' lang='lat' dir='ltr'>fils,</span> <span class='ocrx_word' id='word_1_307' title='bbox 1548 3418 1691 3476; x_wconf 90' lang='lat' dir='ltr'>elles</span> <span class='ocrx_word' id='word_1_308' title='bbox 1744 3435 1819 3476; x_wconf 91' lang='lat' dir='ltr'>ne</span> <span class='ocrx_word' id='word_1_309' title='bbox 1872 3417 2281 3477; x_wconf 91' lang='lat' dir='ltr'>recueillaient</span> <span class='ocrx_word' id='word_1_310' title='bbox 2333 3418 2419 3475; x_wconf 89' lang='lat' dir='ltr'>les</span> 
     </span>
     <span class='ocr_line' id='line_1_36' title="bbox 61 3506 2419 3587; baseline 0.001 -25"><span class='ocrx_word' id='word_1_311' title='bbox 61 3506 236 3563; x_wconf 91' lang='lat' dir='ltr'>biens</span> <span class='ocrx_word' id='word_1_312' title='bbox 283 3521 395 3577; x_wconf 91' lang='lat' dir='ltr'>que</span> <span class='ocrx_word' id='word_1_313' title='bbox 439 3522 590 3580; x_wconf 88' lang='lat' dir='ltr'>pour</span> <span class='ocrx_word' id='word_1_314' title='bbox 632 3506 720 3564; x_wconf 91' lang='lat' dir='ltr'>les</span> <span class='ocrx_word' id='word_1_315' title='bbox 764 3511 1146 3566; x_wconf 88' lang='lat' dir='ltr'>transmettre</span> <span class='ocrx_word' id='word_1_316' title='bbox 1192 3508 1230 3564; x_wconf 78' lang='lat' dir='ltr'>a</span> <span class='ocrx_word' id='word_1_317' title='bbox 1272 3507 1433 3565; x_wconf 88' lang='lat' dir='ltr'>leurs</span> <span class='ocrx_word' id='word_1_318' title='bbox 1477 3524 1720 3582; x_wconf 90' lang='lat' dir='ltr'>propres</span> <span class='ocrx_word' id='word_1_319' title='bbox 1765 3507 1875 3587; x_wconf 83' lang='lat' dir='ltr'>fils,</span> <span class='ocrx_word' id='word_1_320' title='bbox 1936 3508 2031 3580; x_wconf 88' lang='lat' dir='ltr'>qui</span> <span class='ocrx_word' id='word_1_321' title='bbox 2080 3508 2235 3565; x_wconf 88' lang='lat' dir='ltr'>seuls</span> <span class='ocrx_word' id='word_1_322' title='bbox 2280 3523 2419 3579; x_wconf 91' lang='lat' dir='ltr'>pou·</span> 
     </span>
     <span class='ocr_line' id='line_1_37' title="bbox 61 3594 2421 3668; baseline -0 -14"><span class='ocrx_word' id='word_1_323' title='bbox 61 3594 276 3654; x_wconf 86' lang='lat' dir='ltr'>vaient</span> <span class='ocrx_word' id='word_1_324' title='bbox 319 3594 448 3652; x_wconf 75' lang='lat' dir='ltr'>etre</span> <span class='ocrx_word' id='word_1_325' title='bbox 490 3595 768 3653; x_wconf 79' lang='lat' dir='ltr'>heritiers</span> <span class='ocrx_word' id='word_1_326' title='bbox 813 3600 876 3653; x_wconf 89' lang='lat' dir='ltr'>et</span> <span class='ocrx_word' id='word_1_327' title='bbox 918 3601 1233 3668; x_wconf 77' lang='lat' dir='ltr'>perpetuet</span> <span class='ocrx_word' id='word_1_328' title='bbox 1277 3596 1338 3653; x_wconf 93' lang='lat' dir='ltr'>la</span> <span class='ocrx_word' id='word_1_329' title='bbox 1372 3597 1597 3655; x_wconf 88' lang='lat' dir='ltr'>maison</span> <span class='ocrx_word' id='word_1_330' title='bbox 1642 3595 1714 3654; x_wconf 90' lang='lat' dir='ltr'>de</span> <span class='ocrx_word' id='word_1_331' title='bbox 1749 3597 1880 3655; x_wconf 89' lang='lat' dir='ltr'>leur</span> <span class='ocrx_word' id='word_1_332' title='bbox 1916 3598 2089 3655; x_wconf 85' lang='lat' dir='ltr'>a‘ieul.</span> <span class='ocrx_word' id='word_1_333' title='bbox 2163 3594 2320 3655; x_wconf 87' lang='lat' dir='ltr'>C&#39;est</span> <span class='ocrx_word' id='word_1_334' title='bbox 2356 3611 2421 3653; x_wconf 90' lang='lat' dir='ltr'>ce</span> 
     </span>
     <span class='ocr_line' id='line_1_38' title="bbox 59 3680 2417 3759; baseline 0 -18"><span class='ocrx_word' id='word_1_335' title='bbox 59 3683 166 3757; x_wconf 90' lang='lat' dir='ltr'>qui</span> <span class='ocrx_word' id='word_1_336' title='bbox 214 3683 485 3756; x_wconf 86' lang='lat' dir='ltr'>explique</span> <span class='ocrx_word' id='word_1_337' title='bbox 530 3690 814 3743; x_wconf 88' lang='lat' dir='ltr'>comment</span> <span class='ocrx_word' id='word_1_338' title='bbox 856 3682 1094 3743; x_wconf 84' lang='lat' dir='ltr'>l&#39;action</span> <span class='ocrx_word' id='word_1_339' title='bbox 1130 3680 1391 3744; x_wconf 75' lang='lat' dir='ltr'>intentee&#39;</span> <span class='ocrx_word' id='word_1_340' title='bbox 1426 3702 1539 3759; x_wconf 88' lang='lat' dir='ltr'>par</span> <span class='ocrx_word' id='word_1_341' title='bbox 1573 3682 1854 3744; x_wconf 87' lang='lat' dir='ltr'>l&#39;orateur</span> <span class='ocrx_word' id='word_1_342' title='bbox 1890 3690 2090 3743; x_wconf 89' lang='lat' dir='ltr'>contre</span> <span class='ocrx_word' id='word_1_343' title='bbox 2134 3684 2417 3759; x_wconf 88' lang='lat' dir='ltr'>Spoudias</span> 
     </span>
     <span class='ocr_line' id='line_1_39' title="bbox 57 3771 2420 3848; baseline 0 -17"><span class='ocrx_word' id='word_1_344' title='bbox 57 3779 155 3831; x_wconf 91' lang='lat' dir='ltr'>est</span> <span class='ocrx_word' id='word_1_345' title='bbox 200 3771 442 3830; x_wconf 85' lang='lat' dir='ltr'>l’action</span> <span class='ocrx_word' id='word_1_346' title='bbox 489 3772 560 3831; x_wconf 94' lang='lat' dir='ltr'>de</span> <span class='ocrx_word' id='word_1_347' title='bbox 606 3772 708 3830; x_wconf 92' lang='lat' dir='ltr'>dot</span> <span class='ocrx_word' id='word_1_348' title='bbox 753 3778 813 3832; x_wconf 91' lang='lat' dir='ltr'>et</span> <span class='ocrx_word' id='word_1_349' title='bbox 854 3789 971 3831; x_wconf 92' lang='lat' dir='ltr'>non</span> <span class='ocrx_word' id='word_1_350' title='bbox 1007 3774 1376 3848; x_wconf 89' lang='lat' dir='ltr'>simplement</span> <span class='ocrx_word' id='word_1_351' title='bbox 1409 3771 1649 3833; x_wconf 87' lang='lat' dir='ltr'>l&#39;action</span> <span class='ocrx_word' id='word_1_352' title='bbox 1691 3792 1763 3833; x_wconf 92' lang='lat' dir='ltr'>en</span> <span class='ocrx_word' id='word_1_353' title='bbox 1798 3780 2049 3848; x_wconf 84' lang='lat' dir='ltr'>partage</span> <span class='ocrx_word' id='word_1_354' title='bbox 2086 3773 2158 3833; x_wconf 88' lang='lat' dir='ltr'>de</span> <span class='ocrx_word' id='word_1_355' title='bbox 2196 3790 2420 3833; x_wconf 90' lang='lat' dir='ltr'>succes-</span> 
     </span>
     <span class='ocr_line' id='line_1_40' title="bbox 55 3858 2421 3938; baseline 0 -17"><span class='ocrx_word' id='word_1_356' title='bbox 55 3864 211 3921; x_wconf 90' lang='lat' dir='ltr'>sion.</span> <span class='ocrx_word' id='word_1_357' title='bbox 231 3858 254 3884; x_wconf 86' lang='lat'>‘⁴</span> <span class='ocrx_word' id='word_1_358' title='bbox 331 3860 546 3920; x_wconf 87' lang='lat' dir='ltr'>Censet</span> <span class='ocrx_word' id='word_1_359' title='bbox 590 3862 776 3934; x_wconf 83' lang='lat' dir='ltr'>igitur</span> <span class='ocrx_word' id='word_1_360' title='bbox 819 3862 1072 3921; x_wconf 86' lang='lat' dir='ltr'>Dareste</span> <span class='ocrx_word' id='word_1_361' title='bbox 1115 3863 1268 3921; x_wconf 88' lang='lat' dir='ltr'>filias</span> <span class='ocrx_word' id='word_1_362' title='bbox 1312 3863 1624 3922; x_wconf 85' lang='lat' dir='ltr'>collocatas</span> <span class='ocrx_word' id='word_1_363' title='bbox 1670 3864 1956 3938; x_wconf 87' lang='lat' dir='ltr'>epicleras</span> <span class='ocrx_word' id='word_1_364' title='bbox 2002 3880 2127 3923; x_wconf 90' lang='lat' dir='ltr'>esse</span> <span class='ocrx_word' id='word_1_365' title='bbox 2175 3876 2421 3937; x_wconf 87' lang='lat' dir='ltr'>quarum</span> 
     </span>
    </p>
   </div>
   <div class='ocr_carea' id='block_1_3' title="bbox 54 4010 498 4019">
    <p class='ocr_par' dir='ltr' id='par_1_7' title="bbox 54 4010 498 4019">
     <span class='ocr_line' id='line_1_41' title="bbox 54 4010 498 4019; baseline 0 840"><span class='ocrx_word' id='word_1_366' title='bbox 54 4010 498 4019; x_wconf 95' lang='lat' dir='ltr'> </span> 
     </span>
    </p>
   </div>
   <div class='ocr_carea' id='block_1_4' title="bbox 53 4084 2423 4301">
    <p class='ocr_par' dir='ltr' id='par_1_8' title="bbox 53 4084 2423 4301">
     <span class='ocr_line' id='line_1_42' title="bbox 251 4084 2423 4154; baseline 0.002 -16"><span class='ocrx_word' id='word_1_367' title='bbox 251 4084 291 4152; x_wconf 85' lang='lat'>²)</span> <span class='ocrx_word' id='word_1_368' title='bbox 329 4085 574 4141; x_wconf 84' lang='lat' dir='ltr'>conferas</span> <span class='ocrx_word' id='word_1_369' title='bbox 611 4101 821 4154; x_wconf 89' lang='lat' dir='ltr'>quoque</span> <span class='ocrx_word' id='word_1_370' title='bbox 849 4087 1090 4143; x_wconf 80' lang='lat' dir='ltr'>Mitteis:</span> <span class='ocrx_word' id='word_1_371' title='bbox 1126 4087 1482 4142; x_wconf 87' lang='lat' dir='ltr'>Reichsrecht</span> <span class='ocrx_word' id='word_1_372' title='bbox 1518 4088 1630 4142; x_wconf 86' lang='lat' dir='ltr'>und</span> <span class='ocrx_word' id='word_1_373' title='bbox 1666 4088 1992 4143; x_wconf 85' lang='lat' dir='ltr'>Volksrecht</span> <span class='ocrx_word' id='word_1_374' title='bbox 2029 4088 2169 4142; x_wconf 87' lang='grc'><strong>1891</strong></span> <span class='ocrx_word' id='word_1_375' title='bbox 2208 4104 2259 4154; x_wconf 87' lang='lat' dir='ltr'>p.</span> <span class='ocrx_word' id='word_1_376' title='bbox 2296 4090 2423 4145; x_wconf 80' lang='lat'>341.</span> 
     </span>
     <span class='ocr_line' id='line_1_43' title="bbox 53 4155 2421 4227; baseline 0.001 -16"><span class='ocrx_word' id='word_1_377' title='bbox 53 4155 222 4224; x_wconf 80' lang='lat' dir='ltr'>Quod</span> <span class='ocrx_word' id='word_1_378' title='bbox 260 4156 358 4209; x_wconf 81' lang='lat' dir='ltr'>has</span> <span class='ocrx_word' id='word_1_379' title='bbox 395 4172 482 4211; x_wconf 89' lang='lat' dir='ltr'>res</span> <span class='ocrx_word' id='word_1_380' title='bbox 519 4158 705 4212; x_wconf 88' lang='lat' dir='ltr'>omisit</span> <span class='ocrx_word' id='word_1_381' title='bbox 740 4158 1025 4214; x_wconf 81' lang='lat' dir='ltr'>Thalheim</span> <span class='ocrx_word' id='word_1_382' title='bbox 1061 4159 1207 4227; x_wconf 86' lang='lat' dir='ltr'>apud</span> <span class='ocrx_word' id='word_1_383' title='bbox 1241 4160 1304 4213; x_wconf 93' lang='lat' dir='ltr'>P.</span> <span class='ocrx_word' id='word_1_384' title='bbox 1308 4158 1500 4213; x_wconf 86' lang='lat' dir='ltr'>·Wiss.</span> <span class='ocrx_word' id='word_1_385' title='bbox 1540 4174 1582 4214; x_wconf 88' lang='lat' dir='ltr'>s.</span> <span class='ocrx_word' id='word_1_386' title='bbox 1620 4176 1673 4215; x_wconf 87' lang='lat' dir='ltr'>v.</span> <span class='ocrx_word' id='word_1_387' title='bbox 1702 4158 1994 4227; x_wconf 83' lang='lat' dir='ltr'>Adoption,</span> <span class='ocrx_word' id='word_1_388' title='bbox 2042 4159 2093 4213; x_wconf 91' lang='lat' dir='ltr'>ei</span> <span class='ocrx_word' id='word_1_389' title='bbox 2139 4160 2421 4227; x_wconf 81' lang='lat' dir='ltr'>opprobrio</span> 
     </span>
     <span class='ocr_line' id='line_1_44' title="bbox 53 4226 1975 4301; baseline 0.002 -20"><span class='ocrx_word' id='word_1_390' title='bbox 53 4232 154 4283; x_wconf 83' lang='lat' dir='ltr'>dat</span> <span class='ocrx_word' id='word_1_391' title='bbox 195 4226 521 4283; x_wconf 87' lang='lat' dir='ltr'>Schulthess</span> <span class='ocrx_word' id='word_1_392' title='bbox 558 4229 616 4282; x_wconf 91' lang='lat' dir='ltr'>in</span> <span class='ocrx_word' id='word_1_393' title='bbox 652 4230 903 4286; x_wconf 87' lang='lat' dir='ltr'>Bursian.</span> <span class='ocrx_word' id='word_1_394' title='bbox 941 4231 1251 4286; x_wconf 85' lang='lat' dir='ltr'>Jahresber.</span> <span class='ocrx_word' id='word_1_395' title='bbox 1290 4231 1396 4288; x_wconf 83' lang='lat' dir='ltr'>vol.</span> <span class='ocrx_word' id='word_1_396' title='bbox 1433 4231 1503 4285; x_wconf 89' lang='lat'>81</span> <span class='ocrx_word' id='word_1_397' title='bbox 1542 4231 1725 4301; x_wconf 86' lang='lat'>(1894)</span> <span class='ocrx_word' id='word_1_398' title='bbox 1761 4248 1813 4299; x_wconf 90' lang='lat' dir='ltr'>p.</span> <span class='ocrx_word' id='word_1_399' title='bbox 1855 4232 1975 4286; x_wconf 90' lang='lat'>174.</span> 
     </span>
    </p>
   </div>
  </div>
 </body>
</html>
