3009 4859
1012 360 1454 418 —45-

74 556 189 597 nam
232 539 340 597 hae
378 539 638 597 actiones
676 537 751 595 ad
789 537 1076 596 arbitrum
1120 537 1411 610 publicum
1457 552 1573 595 non
1620 536 1891 615 veniunt3
1930 534 2105 596 δίκαι
2141 536 2416 616 προικός
2514 578 2523 589 .

75 635 250 686 autem
293 629 354 685 in
404 622 720 713 ἐμμήνοις
763 625 1159 685 numerandae
1205 632 1359 684 sunt.

233 734 389 804 Quae
435 751 562 792 cum
607 733 697 792 ita
749 734 885 806 sint,
949 734 1270 806 putandum
1334 737 1423 791 est
1479 734 1761 790 orationis
1813 732 2195 805 inscriptione
2249 728 2413 811 πρὸς

77 822 390 883 Σπουδίαν
438 820 611 903 ὑπὲρ
676 825 944 901 προικός
1006 839 1119 879 non
1179 822 1503 894 significari
1569 838 1755 893 genus
1818 822 2067 879 actionis
2131 821 2412 892 intentae,

76 912 164 969 sed
197 912 474 970 orationis
512 918 942 985 argumentum
983 911 1055 971 cf.
1085 911 1392 969 Thalheim
1420 912 1460 971 1.
1489 928 1562 983 s.;
1592 910 1904 970 Caillemer
1932 909 2085 982 apud
2112 909 2413 968 Daremb.-

80 999 212 1073 Sagl.
257 1018 302 1062 s,
349 1018 406 1061 v.
454 1001 554 1059 dos
618 1019 672 1074 p.
724 1003 877 1073 3913
951 1001 1253 1059 Beauchet
1315 1001 1362 1071 Ι,
1433 1002 1581 1060 297.
1691 1001 1889 1072 Atque
1954 999 2105 1071 quod
2168 999 2246 1073 is,
2312 997 2410 1070 qui

73 1092 369 1148 orationem
414 1091 734 1164 inscripsit,
779 1090 992 1148 ceteris
1038 1090 1376 1147 criminibus
1420 1090 1709 1165 neglectis
1768 1089 1920 1148 dotis
1975 1093 2204 1146 tantum
2259 1102 2412 1143 men-

76 1179 264 1237 tionem
309 1180 472 1251 fecit,
519 1196 647 1237 cum
692 1180 977 1237 scriberet
1023 1176 1195 1257 ὑπὲρ
1253 1181 1541 1259 προικός,
1602 1179 1755 1236 nihil
1817 1179 1999 1236 habet
2062 1176 2413 1249 offensionis,

79 1284 181 1325 cum
224 1270 296 1327 ab
345 1269 453 1326 hoc
512 1269 750 1326 crimine
815 1273 978 1326 actor
1039 1268 1272 1326 initium
1336 1267 1523 1325 faciat
1585 1268 1867 1325 orationis
1931 1273 1992 1324 et
2051 1267 2115 1324 in
2178 1265 2287 1322 hoc
2350 1265 2412 1322 in

76 1358 252 1429 primis
324 1358 588 1420 haereat.
722 1356 1006 1415 Similiter
1071 1350 1410 1435 [Demosth]
1478 1358 1671 1415 oratio
1740 1358 1775 1414 7
1850 1356 2194 1414 inscribitur
2256 1351 2414 1431 περὶ

71 1434 441 1534 Ἁλοννήσου,
501 1446 652 1520 quod
697 1447 886 1519 primo
941 1446 1064 1505 loco
1122 1446 1323 1518 agitur
1396 1445 1467 1504 de
1540 1445 1893 1505 Halonneso.
2001 1444 2074 1503 cf.
2132 1441 2416 1501 Schaefer

24 1533 348 1615 *Demostln
435 1536 554 1593 und
635 1552 680 1595 s.
745 1534 877 1593 Zeit
956 1532 1060 1594 ΠΒ
1133 1537 1288 1612 44Ο;
1372 1534 1561 1608 Blass,
1645 1539 1755 1593 att.
1838 1533 2079 1592 BeredS.
2162 1532 2275 1605 ΙΙΙ,
2346 1528 2417 1591 2²

225 1732 316 1789 Ex
382 1732 466 1789 eis
529 1737 745 1807 autem,
807 1732 907 1804 qui
971 1732 1124 1789 dotis
1189 1730 1470 1789 actionem
1528 1731 1879 1788 instructam
1935 1747 2062 1788 esse
2116 1716 2446 1787 nobiscum'

75 1827 285 1892 negant,
333 1822 440 1878 alii
485 1821 556 1878 de
602 1821 736 1879 aliis
783 1821 1107 1879 actionibus
1153 1820 1596 1891 cogitaverunt:
1645 1820 1716 1877 de
1782 1818 1931 1904 δίκῃ
1997 1815 2411 1900 συμβολαίων

77 1910 478 1989 παραβάσεως
492 1907 541 1986 1)
589 1909 900 1969 Caillemer
945 1914 1006 1967 et
1049 1909 1350 1967 Beauchet
1393 1909 1455 1969 H.
1501 1925 1598 1978 ss.‚
1644 1910 1760 1967 nisi
1804 1908 2003 1968 verbis
2058 1906 2094 1983 ἓ
2144 1911 2208 1967 5:
2257 1905 2414 1973 τέως

75 1995 177 2079 μὲν
213 1998 246 2057 ὃ
281 2000 681 2080 Λεωκράτης
716 1984 798 2080 ἦν
835 1994 1234 2080 κληρονόμος
1277 2005 1410 2058 τῶν
1458 1994 1902 2072 Πολυεύκτου,
1948 1996 2112 2078 πρὸς
2160 1991 2413 2057 ἐκεῖνον

80 2082 139 2165 ἠν
179 2086 251 2147 τὰ
299 2084 799 2167 συμβόλαιον.
892 2087 1006 2147 Sed
1050 2088 1195 2145 haec
1239 2102 1463 2160 quoque
1511 2089 1663 2145 actio
1730 2088 1805 2144 ad
1866 2087 2117 2160 primum
2180 2089 2412 2145 tantum

24 2232 27 2257 ÷
77 2176 266 2233 crimen
323 2177 662 2248 quadraret,
718 2193 832 2234 non
887 2177 962 2234 ad
1018 2182 1232 2238 cetera.
1322 2176 1550 2233 Deinde
1595 2175 1905 2234 Thalheim
1959 2175 2000 2236 1.
2048 2192 2093 2237 s.
2141 2180 2203 2232 et
2256 2174 2412 2246 apud

78 2262 450 2339 Pauly-Wiss
508 2283 554 2328 S.
612 2284 669 2325 v.
733 2262 974 2346 βλάβης
1037 2264 1181 2346 δίκη
1245 2266 1547 2338 proposuit
1608 2263 1793 2347 δίκην
1856 2261 2124 2346 βλάβης,
2199 2263 2412 2337 quippe

24 2372 26 2377 ·
77 2368 200 2423 quae
235 2372 366 2412 cum
402 2357 595 2413 omnia
633 2354 847 2412 actoris
885 2355 1131 2412 crimina
1160 2353 1577 2425 complectatur
1603 2361 1726 2411 tum
1756 2354 2185 2412 commendetur
2212 2354 2414 2411 verbis

77 2439 104 2514 ἓ
144 2446 241 2507 12;
289 2442 405 2503 καὶ
454 2444 645 2529 φήσει
682 2445 902 2504 πάντα
939 2432 1139 2504 ταῦθ’,
1186 2431 1304 2503 ὑπ’
1345 2436 1511 2521 ἐμοῦ
1550 2443 1951 2511 πεισθέντας
1988 2442 2413 2518 καταχαρίσα-

79 2530 233 2608 σθαι,
277 2530 391 2593 καὶ
427 2529 508 2619 νὴ
547 2523 650 2593 Δί’
690 2526 882 2611 ἕτερα
920 2528 1135 2592 πολλὰ
1171 2530 1281 2592 καὶ
1317 2528 1569 2610 μεγάλα
1607 2529 2042 2612 βλάπτεσθαι,
2081 2529 2191 2590 καὶ
2228 2530 2415 2611 δίκην

79 2613 386 2702 εἰληχέναι
432 2642 569 2699 μοι.
584 2618 634 2703 ²)
725 2619 908 2698 („Die
956 2620 1166 2680 Worte
1221 2622 1527 2679 euthalten
1580 2623 1877 2693 geradezu
1932 2622 2099 2680 einen
2146 2619 2413 2678 Hinweis

77 2708 162 2764 auf
197 2710 298 2768 die
343 2716 641 2782 genannte
685 2712 802 2769 Art
849 2710 953 2769 der
997 2708 1279 2786 Klage.“)
1369 2710 1540 2769 Hanc
1584 2713 1871 2769 actionem
1915 2716 2039 2769 tam
2078 2708 2415 2782 generalem

77 2812 194 2870 esse,
239 2804 314 2857 ut
359 2800 535 2858 etiam
581 2800 691 2858 hac
734 2801 795 2857 in
841 2816 1020 2859 causa
1063 2800 1293 2858 intendi
1338 2800 1614 2873 potuerit,
1669 2818 1784 2859 non
1839 2815 2130 2874 negemuS,
2186 2800 2287 2856 sed
2343 2816 2417 2855 ex

79 2900 190 2944 voce
233 2884 660 2969 βλάπτεσθαι
704 2889 931 2947 firmum
977 2894 1382 2961 argumentum
1429 2905 1794 2962 nequaquam
1840 2890 1989 2946 sumi
2023 2893 2239 2961 potest3
2280 2904 2414 2945 nam

77 2990 364 3036 caveamus
408 2995 482 3036 ne
526 2985 794 3052 putemus
841 2978 1028 3060 δίκην
1065 2974 1304 3059 βλάβης
1341 2994 1466 3036 esse
1501 2978 1868 3049 instructam,
1914 2978 2254 3048 ubicumque
2299 2992 2415 3033 vox

77 3060 378 3139 βλάπτειν
440 3069 718 3144 occurrit3
783 3067 854 3128 cf.
911 3084 1059 3141 quae
1104 3066 1412 3125 Thalheim
1476 3068 1602 3142 ipse
1666 3067 1933 3142 exposuit
1996 3065 2151 3139 apud
2195 3065 2417 3139 Pauly·

81 3149 234 3215 Wiss.
282 3156 322 3213 1.
370 3172 414 3216 s,
455 3156 682 3215 Deinde
727 3163 794 3213 ut
831 3155 1080 3229 Spudias
1128 3157 1313 3214 actori
1358 3156 1510 3215 hanc
1555 3158 1839 3215 actionem
1891 3155 2241 3229 intenderit;
2298 3171 2416 3212 non

77 3246 324 3313 sequitur
367 3250 621 3304 actorem
668 3244 946 3319 Spudiam
999 3244 1202 3304 eadem
1257 3246 1483 3304 actione
1536 3246 1599 3304 in
1651 3247 1744 3305 ius
1799 3246 2118 3305 vocavisse.
2208 3243 2415 3302 Nonne

80 3344 220 3405 vero,
287 3336 342 3391 si
403 3334 760 3395 Thalheimii
823 3335 1174 3393 sententiam
1238 3336 1641 3410 probaremus,
1706 3341 2175 3408 exspectaremus
2246 3334 2415 3391 litem

236 3576 278 3642 1)
315 3576 452 3630 haec
489 3577 635 3631 actio
671 3576 877 3631 rectius
914 3577 1226 3646 appellatur
1263 3579 1383 3647 δίκη
1421 3581 1785 3650 συμβολαίων;
1822 3578 1892 3636 cf.
1932 3579 2147 3647 Lipsius
2168 3578 2287 3632 AP⁵³
2306 3578 2410 3631 697

76 3642 181 3699 adn.
218 3646 344 3715 599,
384 3648 455 3700 ad
491 3648 647 3701 cuius
683 3648 1015 3703 sententiam
1053 3649 1334 3703 Beauchet
1370 3650 1486 3717 ipse
1526 3652 1739 3704 accedit
1776 3651 1872 3716 IV,
1909 3653 2015 3705 415
2054 3652 2177 3705 adn.
2218 3653 2269 3705 2.

34 3746 36 3749 >
235 3718 281 3785 2)
319 3718 505 3772 Etiam
542 3718 772 3786 Spudias
809 3720 879 3773 ad
916 3720 1120 3774 iudices
1158 3721 1410 3789 confugit
1448 3728 1506 3775 et
1543 3722 1717 3777 actori
1762 3723 1917 3777 litem
1954 3720 2219 3776 intendit:
2271 3724 2413 3774 ἀντι-

76 3790 302 3859 γραφήν;
341 3790 409 3846 cf.
448 3790 568 3843 AP⁹
586 3792 710 3847 862.
784 3790 965 3858 Atque
1002 3797 1154 3846 actor
1189 3807 1382 3846 nomen
1419 3792 1653 3859 Spudiae
1690 3794 1838 3863 prior
1875 3794 2136 3848 detulisse
2176 3792 2410 3857 videtur,

77 3870 182 3910 nam
217 3860 382 3914 huius
419 3876 582 3915 causa
617 3863 726 3915 iam
762 3863 833 3916 ad
867 3862 1135 3916 arbitrum
1172 3864 1446 3930 publicum
1484 3870 1830 3931 pervenerat,
1868 3882 1989 3919 cum
2024 3865 2254 3933 Spudias
2290 3879 2415 3933 pro-

75 3925 249 3984 fitetur
285 3946 342 3986 se
377 3931 556 3999 ipsum
593 3948 804 4001 quoque
841 3933 996 3988 litem
1042 3933 1372 3989 instituisse:
1431 3936 1463 4004 ξ
1502 3938 1571 3988 12
1629 3946 1790 3990 ταῦτα
1844 3941 1952 4007 γὰρ
2007 3938 2098 3989 καὶ
2154 3941 2289 4005 πρὸς
2343 3938 2417 4008 τῷ

76 3999 304 4077 διαιτητῇ
353 4005 536 4074 λέγειν
582 4005 868 4077 ἐπεχείρει.
951 4004 1132 4060 Aliter
1177 4006 1446 4060 iudicavit
1491 4007 1717 4063 Schulze
1754 4008 1961 4075 proleg.
2000 4009 2059 4061 in
2097 4006 2293 4076 [Dem.]
2335 4021 2411 4060 or.

77 4071 182 4126 adv.
204 4076 368 4141 Apat.
408 4092 461 4144 p.
503 4076 570 4130 19
613 4083 768 4143 „uter
803 4076 953 4143 prior
989 4077 1347 4144 accusaverit,
1385 4093 1493 4131 non
1530 4078 1800 4134 constat“.
1859 4079 2156 4145 Utramque
2194 4093 2411 4130 causam

72 4145 361 4210 separatim
399 4151 579 4199 actam
619 4163 734 4202 esse
769 4147 898 4202 inde
935 4148 1099 4216 plane
1133 4154 1309 4218 patet,
1348 4149 1490 4216 quod
1530 4154 1683 4203 actor
1718 4150 1972 4218 Spudiam
2010 4154 2210 4215 monet,
2248 4164 2316 4202 ne
2354 4148 2413 4202 in

75 4211 162 4267 hac
216 4232 384 4270 causa
437 4218 587 4272 illius
642 4233 838 4273 causae
892 4219 1138 4287 querelas
1177 4226 1235 4273 et
1271 4226 1599 4287 argumenta
1634 4222 1892 4291 proferat.
1967 4221 2188 4281 Minime
2226 4225 2411 4274 autem

75 4286 206 4339 actio
245 4289 398 4355 prius
434 4289 654 4343 intenta
690 4290 866 4344 dilata
904 4296 1006 4360 est,
1044 4291 1186 4357 quod
1225 4290 1456 4359 Spudias
1494 4294 1840 4365 ἀντιγραφήν
1876 4291 2141 4348 instituit.

164 4392 560 4449 Burgkhardt‚
589 4396 824 4438 Demosth.
854 4408 918 4439 or.
949 4396 1054 4440 adv.
1085 4396 1314 4449 Spudiam.
1951 4385 1987 4436 4
