3009 4859
1050 306 1493 363 —55—

70 485 229 541 satis
277 487 421 541 sunt
465 482 732 540 subtilia:
780 498 898 541 van
945 481 1058 539 den
1102 482 1184 539 Es
1230 499 1357 542 cum
1403 483 1691 540 scriberet
1752 487 1965 556 „atque
2009 486 2240 542 interea
2284 486 2459 542 mori-

73 570 246 647 tur“,
294 574 425 645 ipse
471 572 834 630 intellexisse
878 571 1133 646 videtur,
1179 573 1310 631 veri
1355 588 1468 629 non
1533 572 1722 630 simile
1788 588 1913 629 esse
1976 589 2099 630 rem
2163 574 2454 647 publicam

77 663 332 719 multam
403 666 672 734 repetere
743 676 859 718 non
938 677 1104 734 posse
1186 676 1252 717 eo
1334 662 1498 735 viVO,
1582 663 1682 734 qui
1762 661 2075 734 adoptatus
2156 664 2308 721 bona
2388 664 2451 720 in

79 753 342 808 alienam
389 750 616 807 domum
663 749 987 810 transtulit.
1079 748 1240 820 Quae
1287 752 1472 809 verba
1524 750 1701 823 plane
1766 752 2154 823 neglexerunt
2216 753 2288 827 ei,
2354 753 2456 823 qui

81 842 150 898 ad
199 840 332 900 viri
376 839 532 897 docti
578 855 696 898 van
741 839 852 896 den
891 838 971 896 Es
1015 840 1368 897 sententiam
1415 844 1788 899 accesserunt
1824 838 2147 915 (Beauchet
2192 840 2272 914 II,
2321 834 2451 921 47),

79 929 177 987 sed
231 929 432 987 nescio
479 945 554 986 au
599 928 674 986 iis
720 944 818 987 res
861 928 990 1000 ipsa
1033 928 1138 986 fiat
1187 928 1376 986 minus
1440 930 1781 1001 probabilis.
1870 929 2072 1001 Neque
2137 930 2288 987 enim
2354 929 2453 987 du-

83 1020 238 1075 bium
288 1017 486 1076 videri
529 1022 738 1091 potest,
785 1017 924 1089 quin
969 1018 1181 1089 aliquis
1236 1019 1650 1089 magistratum
1714 1019 2009 1091 suscipere
2072 1020 2331 1091 potuerit
2394 1024 2455 1076 et

77 1109 376 1165 rationem
423 1107 669 1164 reddere
716 1105 1000 1181 debuerit,
1049 1123 1393 1179 quamquam
1450 1109 1579 1180 ipse
1641 1107 1923 1164 bonorum
1987 1107 2249 1169 dominus
2315 1124 2454 1166 non·

77 1198 218 1253 dum
257 1202 412 1268 erat,
451 1195 601 1268 quod
637 1201 809 1269 pater
842 1195 1002 1253 inter
1038 1196 1206 1254 vivos
1244 1202 1399 1267 erat;
1439 1196 1514 1257 cf.
1552 1193 1719 1254 ΑΡ.εξ
1759 1197 1913 1267 579;
1954 1198 2055 1268 qui
2092 1198 2142 1254 si
2191 1196 2452 1255 condem-

79 1294 278 1361 natur,
332 1283 403 1342 de
449 1285 640 1357 patris
683 1286 851 1342 bonis
897 1284 1081 1341 multa
1126 1285 1409 1344 solvenda
1456 1292 1561 1343 est.
1656 1284 1779 1355 Quo
1845 1286 2025 1343 etiam
2086 1287 2279 1357 magis
2342 1287 2454 1343 sol-

79 1391 224 1432 vere
274 1373 518 1431 deberet
562 1380 734 1446 pater
798 1374 1126 1449 adoptivus,
1191 1374 1291 1445 qui
1355 1373 1748 1435 ὑπεύθυνον
1813 1373 2152 1447 adoptasset
2215 1375 2453 1447 eiusque

78 1466 233 1521 bona
281 1464 624 1536 accepisset.
713 1461 1006 1533 Quomodo
1062 1479 1158 1521 res
1220 1462 1456 1535 publica
1519 1465 1609 1521 ita
1673 1464 1942 1523 damnum
2008 1465 2277 1538 accipiat,
2340 1481 2456 1522 non

75 1547 386 1623 intellego,
478 1551 609 1610 Hac
651 1552 840 1623 igitur
886 1551 958 1609 de
1003 1568 1180 1610 causa
1239 1553 1434 1623 legem
1487 1553 1671 1610 latam
1726 1569 1853 1611 esse
1906 1570 2212 1626 negamus3
2267 1570 2457 1626 neque

77 1650 300 1715 tamen,
348 1641 401 1697 si
436 1641 546 1699 hoc
590 1641 1006 1715 contendimus,
1052 1657 1225 1699 sensu
1272 1658 1342 1699 ea
1387 1648 1574 1700 caret:
1621 1658 1837 1701 revera
1882 1643 2034 1700 enim
2078 1659 2175 1700 res
2219 1642 2455 1714 publica

77 1732 292 1789 damno
343 1728 693 1802 afficeretur,
741 1732 794 1787 si
837 1732 998 1803 patri
1043 1730 1271 1787 cuidam
1319 1730 1493 1788 diviti
1557 1731 1764 1788 liceret
1825 1731 2013 1788 filium
2075 1736 2247 1804 patre
2309 1732 2453 1791 vivo

77 1821 230 1877 nihil
279 1818 412 1876 fere
455 1820 843 1893 possidentem
891 1812 1187 1879 ἕκποιεῐν
1234 1819 1296 1876 111
1340 1835 1656 1892 pauperem
1703 1818 1946 1893 domum,
1994 1826 2062 1877 ut
2106 1822 2229 1878 suis
2274 1822 2453 1879 rebus

75 1913 374 1981 parceret.
467 1902 567 1987 (cf.
615 1908 914 1966 Beauchet
958 1909 996 1968 l.
1045 1906 1117 1984 s.)
1207 1907 1403 1981 Atque
1448 1909 1604 1966 huuc
1646 1925 1879 1966 sensum
1924 1911 2113 1981 legem
2168 1911 2453 1983 praebere

77 2001 214 2056 inde
265 2013 498 2069 quoque
543 2013 872 2071 cognoscas,
921 1997 1072 2068 quod
1118 1998 1412 2055 Aeschine
1457 2002 1612 2056 teste
1653 1999 1800 2056 haec
1844 2004 1983 2055 sunt
2026 1999 2177 2071 legis
2240 2001 2450 2057 verba:

22 2158 24 2165 .
79 2084 216 2147 οὐδ’
274 2080 652 2167 ἐκποίητον
718 2085 1044 2163 γενέσθαι.
1134 2086 1263 2144 Vox
1330 2080 1754 2147 ἐκποιεῖσθαι
1794 2076 2103 2159 'usurpata
2166 2092 2274 2161 est,
2338 2105 2453 2145 non

22 2196 24 2255 j
80 2171 552 2251 ἕιςποιεῖσθαι,
617 2175 768 2248 quod
828 2176 962 2247 lege
1008 2192 1122 2233 non
1185 2182 1308 2232 tam
1371 2176 1708 2248 impeditur,
1769 2192 1844 2233 ne
1906 2176 2063 2233 filius
2126 2177 2202 2233 ab
2266 2176 2453 2235 altero
2532 2233 2536 2238 .

22 2264 24 2307 :
79 2267 422 2340 adoptetur,
489 2282 661 2337 quam
723 2282 795 2322 ne
859 2282 931 2321 ex
993 2280 1101 2321 sua
1164 2264 1327 2322 domo
1391 2264 1655 2323 excedat.
1764 2264 2053 2341 Damnum
2115 2265 2303 2337 igitur
2364 2266 2456 2324 rei

22 2428 24 2433 ³
81 2356 362 2427 publicae
405 2352 677 2425 infertur,
723 2370 836 2411 non
883 2354 934 2410 si
981 2354 1109 2425 quis
1157 2352 1543 2421 ὑπεύθυνος
1587 2354 1648 2411 111
1696 2353 1948 2411 alienam
1993 2354 2219 2412 domum
2265 2355 2449 2429 venit,

79 2446 180 2502 sed
229 2445 288 2501 si
337 2459 410 2501 ex
455 2459 562 2501 sua
608 2444 771 2500 domo
818 2442 1062 2503 excedit.
1079 2440 1126 2519 1)

266 2558 433 2627 Quae
478 2559 530 2615 si
574 2563 735 2617 recte
781 2560 1161 2631 exposuimus,
1208 2559 1366 2616 locus
1414 2558 1915 2630 DemosthenicuS,
1962 2558 2034 2616 de
2072 2576 2183 2631 quo
2229 2559 2449 2631 agitur,

81 2656 137 2705 et
182 2651 295 2707 lex
339 2647 484 2705 data
529 2648 600 2705 de
649 2646 1054 2708 ὑπευθύνων
1099 2646 1411 2720 adoptione
1449 2649 1608 2706 inter
1643 2666 1706 2707 se
1742 2664 1860 2705 non
1896 2648 2227 2721 cohaerent,
2264 2664 2453 2721 neque

83 2738 387 2807 habemuS,
437 2753 540 2793 cur
585 2737 660 2794 ad
706 2738 858 2793 bona
903 2739 1152 2794 omnium
1200 2738 1610 2810 adoptatorum
1654 2736 1997 2811 referamuS,
2053 2737 2203 2810 quod
2268 2736 2454 2795 tradi-

81 2837 198 2884 tum
257 2829 353 2883 est
398 2826 468 2883 de
512 2826 816 2883 Leocratis
861 2827 1043 2887 bonis,
1135 2826 1355 2884 Nostra
1400 2827 1696 2885 sententia
1730 2826 2047 2883 Leocrates
2094 2843 2200 2883 sua
2246 2831 2451 2897 sponte

80 2918 231 2975 bona
287 2930 396 2971 sua
438 2906 659 2995 (utrum
706 2915 910 2986 omnia,
961 2931 1035 2971 au
1081 2916 1358 2973 nonnulla
1404 2915 1715 2972 diiudicari
1760 2911 1985 2989 nequit)
2034 2915 2097 2972 in
2142 2913 2451 2988 Polyeucti

81 3023 168 3063 res
220 3003 438 3062 intulit
483 3009 544 3062 et
588 3021 660 3061 ex
705 3005 830 3062 eius
877 3003 1111 3075 suisque
1154 3004 1319 3061 bonis
1366 3019 1483 3061 una
1520 3020 1649 3061 cum
1683 3007 1855 3077 patre
1893 3004 2122 3061 fructus
2161 3004 2445 3076 percepit;

81 3111 314 3163 verum,
381 3108 528 3164 quae
590 3110 697 3151 sua
761 3098 965 3165 sponte
1028 3093 1250 3166 intulit,
1315 3093 1440 3149 sine
1504 3092 1679 3149 dubio
1742 3093 1971 3163 recipit,
2037 3109 2165 3150 cum
2212 3091 2448 3164 adoptio

79 3185 286 3241 soluta
331 3188 449 3238 est:
497 3182 695 3253 itaque
741 3182 972 3254 arbitri,
1019 3198 1148 3239 cum
1193 3181 1466 3239 Leocrati
1531 3183 1682 3239 bona
1745 3198 1780 3238 a
1826 3181 2149 3255 Polyeucto
2212 3186 2448 3240 retenta

82 3273 451 3343 addicerent,
506 3272 815 3329 arbitrium
878 3287 994 3329 non
1057 3271 1241 3329 solum
1304 3271 1711 3329 benevolentia
1774 3271 2041 3329 commoti
2105 3270 2207 3327 sed
2271 3274 2449 3328 etiam

79 3358 406 3419 secundum
451 3360 612 3431 leges
661 3358 962 3423 dederunt,

272 3474 468 3532 Aliter
513 3475 568 3531 ei
622 3473 903 3547 iudicant,
970 3476 1068 3547 qui
1135 3480 1373 3533 censent
1416 3476 1761 3533 Leocratem
1816 3476 1969 3533 bona
2030 3478 2092 3533 in
2139 3475 2448 3549 Polyeucti

77 3584 171 3624 res
223 3563 453 3623 inferre
501 3564 793 3621 debuisse:
841 3566 1000 3621 inter
1054 3578 1151 3621 eos
1216 3566 1480 3636 quaestio
1547 3566 1825 3641 exoritur,
1888 3569 2085 3622 utrum
2129 3565 2447 3622 Leocrates

267 3805 308 3873 ¹)
347 3805 570 3860 tertiam
619 3806 1130 3873 interpretationem
1176 3810 1455 3875 proposuit
1491 3806 1745 3860 Ciccotti.
1794 3805 1877 3859 La
1912 3805 2187 3873 Famiglia
2234 3805 2325 3859 nel
2361 3805 2443 3858 di-

79 3880 220 3932 11110
279 3877 451 3930 attico
488 3894 538 3945 p.
579 3879 648 3931 22
685 3878 913 3947 (laudat.
952 3879 1098 3946 apud
1134 3878 1366 3933 Beauch.
1405 3878 1479 3943 ΙΙ,
1519 3878 1633 3943 47);
1682 3878 1859 3944 legem
1908 3892 2024 3931 esse
2059 3877 2230 3929 latam
2267 3877 2445 3945 patris

78 3945 339 4017 adoptivi
377 3964 564 4015 causa3
611 3965 678 4003 ne
715 3948 834 4002 fieri
868 3954 1067 4017 posset,
1104 3956 1170 4003 ut
1209 3952 1516 4010 ὑπεύθυνος
1561 3950 1628 4002 ab
1668 3948 1841 4001 altero
1881 3948 2176 4015 adoptatus
2214 3947 2443 4002 multam

79 4022 330 4075 solveret
367 4020 432 4074 de
468 3991 617 4074 illi'us
653 4020 822 4076 bonis.
916 4021 1018 4074 Sed
1066 4022 1382 4088 adoptantis
1427 4019 1601 4088 ipsius
1649 4026 1735 4075 est
1772 4034 1966 4073 cavere
2002 4035 2071 4073 ne
2109 4018 2441 4086 decipiatur;

79 4097 380 4159 praeterea
416 4092 711 4145 Aeschines
748 4091 968 4145 disertis
1013 4093 1198 4146 verbis
1244 4093 1453 4145 indicat
1497 4094 1650 4160 leges
1698 4108 1731 4145 a
1768 4106 1825 4145 se
1860 4090 2116 4144 laudatas
2152 4091 2234 4143 rei
2270 4090 2446 4157 publi-

81 4180 175 4219 cae
217 4176 388 4216 causa
425 4164 584 4216 datas
624 4178 764 4217 esse:
819 4162 900 4214 ἑνὶ
950 4162 1007 4215 δε
1054 4158 1193 4235 λόγῳ
1238 4164 1547 4245 ἐνεχυράζει
1595 4167 1689 4224 τὰς
1727 4166 1910 4222 οὐσίας
1948 4168 1975 4215 ὁ
2014 4160 2315 4231 νομοθέτης
2351 4164 2446 4222 τὰς

76 4246 188 4289 τῶν
229 4236 575 4301 ὑπευθύνων,
617 4232 715 4294 ἕως
752 4239 823 4287 ἄν
859 4229 1020 4304 λόγον
1058 4236 1297 4288 ἀποόῶσι
1336 4236 1398 4306 τῆ
1435 4229 1604 4288 πόλει.
