3009 4859
999 306 1441 363 ...49-

88 497 198 553 ergo
236 481 664 539 matrimonium
711 482 964 540 solutum
1011 487 1116 541 est.
1130 474 1182 564 1)
1272 480 1388 541 Sed
1431 498 1539 540 nos
1596 482 1929 541 dubitamus
1986 483 2057 541 de
2113 500 2409 559 consensu,

89 572 140 631 cf.
176 588 223 643 p.
269 573 349 629 47
403 570 536 630 adn.
585 572 643 633 4.

233 662 286 717 2.
325 659 584 732 Adoptio
611 660 762 719 solvi
785 665 980 733 potest
1009 677 1045 717 a
1070 665 1242 733 patre
1268 661 1406 732 solo,
1435 660 1488 718 si
1522 660 1679 719 filius
1715 661 1931 735 dignus
1954 666 2045 721 est
2082 657 2409 745 ἀποκηρύ-

89 748 172 818 ξει.
254 746 421 823 Sunt,
469 749 570 821 qui
629 754 855 822 patrem
922 750 1256 821 adoptivum
1320 750 1414 807 ius
1479 750 1788 809 abdicandi
1840 751 2117 809 habuisse
2180 753 2412 809 omnino

89 832 360 913 negent;2)
411 854 754 909 quamquam
791 839 883 896 his
928 854 1042 895 non
1089 838 1465 911 adsentimur,
1532 843 1728 898 tamen
1788 841 1955 899 nobis
2017 841 2412 915 persuasimus

88 930 278 997 patrem
327 921 816 1007 ἀποκηρύττειν
861 943 971 985 non
1019 929 1294 1005 potuisse,
1339 928 1456 986 nisi
1503 934 1779 987 extarent
1816 946 2032 1002 graves
2070 945 2297 1002 causae,
2338 929 2410 987 de

89 1017 257 1086 quibus
305 1014 413 1072 hoc
457 1015 582 1073 loeo
630 1016 1000 1087 cogitandum
1047 1033 1160 1075 non
1217 1022 1330 1089 est3
1397 1034 1513 1090 qua
1574 1020 1637 1076 in
1699 1036 1766 1077 re
1831 1019 2191 1091 obloquimur
2233 1017 2411 1075 Thal-

85 1104 258 1163 heimio
304 1104 518 1177 Progr.
569 1107 738 1165 1894
784 1123 840 1178 p.
891 1107 1000 1164 10:
1059 1123 1158 1179 „es
1196 1105 1371 1163 stand
1408 1108 1537 1164 dem
1574 1106 1933 1182 Polyeuktos
1968 1106 2412 1167 unzweifelhaft

85 1210 152 1267 zu,
190 1193 279 1251 die
325 1192 626 1267 Adoption
659 1211 734 1252 zu
780 1194 1136 1253 widerrufen
1182 1188 1777 1277 (ἀποκηρύττειν).“

227 1284 284 1343 3.
330 1281 588 1355 Adoptio
634 1284 788 1342 solvi
831 1289 1024 1356 potest
1071 1286 1144 1341 ab
1191 1284 1468 1356 adoptato
1524 1285 1662 1358 solo,
1726 1286 1779 1344 si
1840 1286 2024 1343 filium
2078 1284 2409 1356 legitimum

82 1370 331 1443 relinquit
375 1372 438 1429 in
484 1371 649 1429 domo
695 1374 883 1444 patris
932 1373 1210 1446 adoptivi,
1259 1389 1408 1445 quae
1443 1390 1542 1431 res
1577 1374 1673 1431 hio
1707 1374 1768 1431 in
1807 1390 2038 1433 censum
2075 1390 2188 1431 non
2225 1373 2411 1445 venit,

79 1476 184 1517 nam
225 1459 570 1519 Leocratem
625 1462 810 1519 solum
856 1462 1222 1535 adoptionem
1268 1480 1382 1519 non
1453 1463 1760 1520 sustulisse
1825 1478 1897 1521 ex
1958 1462 2159 1521 verbis
2213 1466 2406 1536 patet3

79 1548 330 1620 imprimis
379 1556 576 1609 autem
621 1550 716 1607 hie
759 1551 916 1610 filius
959 1551 1130 1609 heres
1177 1556 1332 1610 esset
1377 1551 1702 1624 Polyeucti.

225 1638 389 1697 Nihil
452 1639 640 1710 igitur
704 1639 1050 1712 proficimUS‚
1115 1640 1166 1698 si
1230 1641 1474 1699 facimus
1541 1640 1906 1714 adoptionem
1968 1640 2221 1712 priorem
2283 1655 2411 1697 esse

79 1727 318 1799 solutam3
367 1728 486 1786 iam
531 1729 834 1787 redeamus
883 1729 956 1786 ad
1005 1730 1251 1787 alteram
1309 1730 1686 1787 sententiam:
1753 1730 2184 1787 matrimonium
2244 1730 2409 1800 prius

77 1816 296 1873 solutum
342 1823 460 1892 est3
508 1834 617 1889 quo
661 1816 819 1875 facto
865 1818 1104 1891 adoptio
1169 1834 1392 1891 quoque
1447 1818 1706 1875 tollenda
1759 1822 1867 1890 est,
1921 1835 2057 1874 nam
2110 1816 2243 1875 fieri
2295 1834 2409 1875 non

76 1909 252 1979 potest,
300 1912 369 1962 ut
413 1905 568 1963 filius
615 1906 924 1980 adoptatus
970 1924 1224 1965 sororem
1270 1923 1384 1965 non
1428 1906 1645 1965 habeat
1689 1924 1941 1968 uxorem.
1958 1900 2009 1983 3)

220 1994 378 2052 Hine
423 1995 567 2053 mihi
611 1995 1084 2067 proficiscendum
1129 1996 1371 2055 videtur
1415 2001 1591 2068 atque
1634 1997 1725 2055 ita
1785 1995 2295 2068 progrediendum,
2344 2000 2415 2052 ut

77 2088 327 2151 quantum
373 2083 504 2141 fieri
548 2088 743 2157 potest
787 2084 1217 2143 satisfaciamus
1264 2086 1442 2144 verbo
1490 2080 1926 2164 ἀφαιρεῖσθαι
1972 2101 2159 2158 neque
2214 2090 2409 2142 tamen

77 2176 272 2229 tantam
339 2173 498 2245 patri
562 2174 892 2231 tribuamus
958 2180 1325 2246 potestatem,
1391 2178 1668 2245 quantam
1733 2172 1940 2232 Hruza
2002 2174 2215 2247 quique
2280 2189 2409 2231 eum

75 2265 386 2331 sequuntur.
479 2261 673 2333 Atque
721 2265 935 2335 optime
999 2269 1202 2321 nostra
1263 2264 1559 2320 sententia
1620 2263 2013 2335 impetrantur
2076 2265 2295 2335 optata,
2360 2264 2415 2319 si

75 2350 374 2407 accedimus
421 2350 498 2408 ad
543 2350 808 2409 Darestii
863 2352 1213 2409 sententiam
1257 2353 1335 2425 pl.
1375 2352 1486 2412 civ.
1524 2352 1573 2424 I,
1615 2354 1738 2410 165
1781 2352 1914 2411 adn.
1956 2353 2020 2411 3:
2068 2352 2166 2425 „la
2202 2350 2411 2409 femme

76 2437 126 2493 de
168 2439 474 2509 Leocrate,
522 2439 731 2498 cedant
775 2442 812 2497 a
855 2435 1183 2499 l'infiuenee
1229 2441 1301 2498 de
1346 2457 1448 2498 son
1481 2441 1645 2523 pre,
1692 2440 1977 2499 demanda
2013 2442 2069 2499 le
2115 2440 2407 2502 divorse.“

74 2525 126 2587 cf.
165 2527 446 2601 Schmidt,
493 2528 678 2587 Ethik
725 2528 827 2586 der
895 2531 1054 2587 alten
1101 2528 1394 2588 Griechen
1438 2529 1521 2605 II,
1573 2532 1695 2590 197
1712 2552 1725 2588 t
1802 2530 2201 2607 „Polyeuktus
2253 2546 2413 2589 ver·

70 2616 321 2675 anlasst
366 2617 461 2675 die
505 2616 834 2690 Aufifisung
880 2619 985 2676 der
1031 2616 1214 2677 Ehe.“

221 2706 662 2765 Matrimonium
705 2707 894 2779 igitur
937 2724 1052 2766 non
1097 2724 1135 2765 a
1179 2712 1349 2781 patre
1392 2707 1612 2780 finitur,
1650 2708 1753 2767 sed
1800 2709 1873 2765 ab
1936 2724 2115 2765 uxore
2175 2707 2309 2779 ipsa
2373 2724 2411 2765 a

68 2798 210 2862 patre
261 2800 575 2870 commota,
630 2801 698 2853 ut
760 2797 1076 2855 divortium
1140 2797 1432 2855 instituat.
1526 2796 1689 2865 Quae
1752 2814 1878 2854 cum
1941 2797 2030 2853 ita
2092 2797 2228 2869 sint,
2291 2814 2406 2854 non

70 2883 346 2957 miramur,
395 2885 547 2957 quod
584 2886 831 2957 legimus
880 2880 1300 2964 ἀφελόμενος,
1355 2887 1703 2958 praesertim
1750 2902 1876 2941 cum
1938 2901 2212 2957 magnam
2275 2886 2405 2943 veri

65 2968 266 3031 habeat
314 2974 564 3046 speciem
609 2990 725 3031 non
769 2991 1006 3031 uxorem
1051 2976 1237 3047 ipsam
1302 2974 1543 3032 divortii
1604 2973 1864 3031 libellum
1928 2973 2004 3031 ad
2067 2973 2404 3031 archontem

64 3063 366 3133 rettulisse,
413 3063 516 3121 sed
563 3079 710 3135 eum,
758 3064 858 3135 qui
902 3064 1166 3121 mulieris
1211 3063 1430 3140 κύριος
1475 3063 1689 3133 fuerat,
1734 3063 2068 3135 priusquam
2124 3063 2408 3120 collocata

64 3156 183 3213 erat.
282 3150 524 3223 Lipsius
570 3147 734 3211 AP.2
782 3155 907 3211 512
957 3152 1090 3210 adn.
1140 3154 1243 3224 89,
1295 3153 1446 3220 7483
1493 3152 1794 3210 Beauohet
1836 3151 1885 3223 I,
1938 3153 2081 3213 386.

213 3239 409 3298 Aliud
471 3244 666 3298 autem
731 3245 822 3298 est
883 3241 992 3298 hoc
1053 3258 1158 3314 pro
1223 3257 1364 3300 vero
1428 3240 1666 3313 habere,
1732 3241 1891 3298 aliud
1952 3244 2163 3312 putare
2226 3256 2407 3312 penes

57 3332 268 3395 patrem
317 3344 448 3387 esse
483 3329 664 3387 filiam
701 3330 764 3386 in
799 3331 1228 3388 matrimonium
1266 3329 1462 3387 datam
1502 3361 1586 3373 —-
1628 3330 1804 3388 etiam
1840 3331 2089 3387 invitam
2124 3362 2214 3370 —
2252 3332 2407 3385 omni

16 3418 300 3490 >tempore
366 3419 578 3476 marito
642 3420 891 3491 eripere.
996 3420 1155 3490 Quae
1218 3424 1355 3477 sunt
1418 3420 1803 3492 matrimonia,
1868 3434 2016 3490 quae
2079 3434 2305 3491 semper
2368 3435 2407 3473 a

16 3464 19 3597 Ι
54 3510 200 3573 patre
250 3508 412 3565 solvi
455 3508 706 3580 possint!
801 3507 915 3567 Sed
963 3507 1122 3565 dieat
1167 3509 1476 3580 quispiam:
1526 3508 1768 3566 eundem
1822 3524 1989 3565 usum
2044 3508 2149 3565 alii
2202 3508 2401 3580 populi

16 3626 19 3755 i

211 3730 259 3801 1)
303 3729 601 3813 Α1ἶ2·548;
660 3730 946 3785 Thalheim
983 3730 1172 3787 R.-A.⁴
1208 3731 1277 3785 81
1333 3731 1459 3787 adn.
1495 3733 1559 3801 13
1616 3729 1755 3783 idem
1815 3730 1962 3799 apud
2014 3729 2401 3798 Pauly-Wiss.

16 3912 18 3915 ψ
47 3814 76 3853 S
108 3818 158 3857 V·
202 3802 621 3941 zssogetlliffithess
659 3874 718 3927 in
753 3874 911 3930 Burs.
949 3873 987 3927 J
991 3873 1261 3929 abresber.
1301 3872 1408 3927 vol.
1446 3872 1683 3926 LXXXI
1719 3871 1899 3941 (1894)
1935 3889 1988 3940 p.
2030 3872 2135 3925 174
2146 3894 2161 3942 3
2198 3888 2285 3927 res
2323 3871 2401 3927 di-

46 3942 287 3998 iudicare
327 3943 548 3999 difficile
587 3951 688 4010 est,
726 3946 868 4011 quod
905 3946 1154 4012 exempla
1171 3944 1362 3998 Attica
1399 3945 1615 4010 desunt,
1655 3960 1721 3997 ex
1759 3943 1881 3997 aliis
1919 3948 2104 3997 autem
2140 3943 2404 4012 gentibus

48 4011 264 4098 Graeeis
305 4014 409 4069 hae
447 4015 780 4099 ᾷποκήρυξιν
815 4016 1415 4100 ἣΙὶἰρᾱρρῐειῐίμοιιω
1451 4016 1652 4069 habere
1688 4020 1903 4081 vetare,
1957 4014 2112 4080 illae,
2166 4022 2232 4070 ut
2284 4015 2399 4085 fiat,

45 4088 678 4229 pe¹m¹3>oegssev¹i¹gi¹ss3¹ss⁸
693 4086 1545 4227 ..1ζὲἒέῗὲἓῖΒ’ᾳὲἒέξ’ἐῗῐ·οὲἓέ.
1568 4086 2001 4211 Ἔὶῖὃὲἓξέἒῑέὼ
2020 4088 2400 4211 Ξὲὲᾗιηοωω

41 4234 131 4293 est,
172 4230 248 4283 ab
298 4244 358 4283 eo
397 4230 510 4284 solo
549 4230 670 4284 tolli
705 4246 863 4298 posse
900 4229 1184 4296 videntur,
1223 4229 1311 4283 eui
1348 4228 1754 4282 matrimonium
1791 4230 1999 4283 solvere
2035 4228 2182 4285 lieet.
